3126 5176
868 399 911 464 66

343 597 418 664 inde
438 598 479 664 de
499 599 596 690 actiui
628 619 686 683 pro
714 599 819 666 medio
847 621 907 666 usu
929 621 1017 686 ¹quae
1032 599 1233 664 ¹adferuntur
1253 598 1435 685 Sophoclea

240 719 243 726 ’
344 705 490 790 exempla
519 709 681 792 (μηχανᾶν
709 707 877 772 Αἰ.1037.
905 706 1050 774 dcccciv
1078 708 1147 774 769.
1177 707 1291 793 φέρειν
1319 706 1377 774 00
1399 708 1431 773 6.

344 814 495 880 011690.
528 815 577 879 El.
609 815 703 902 1088)
737 814 822 880 haud
855 817 964 900 magni
997 811 1110 902 opinor
1141 826 1215 880 sunt
1247 803 1431 880 momenti:

343 944 418 988 nam
442 923 476 988 in
506 923 660 988 eiusmodi
689 945 823 1010 qnorum
851 923 973 990 formae
1004 924 1150 990 omnibus
1181 922 1433 989 Atheniensibus

343 1031 469 1115 penitus
492 1041 599 1095 essent
628 1031 743 1096 insitae
763 1031 976 1098 locutionibus
1006 1031 1219 1096 rescribendis
1240 1029 1432 1116 Sophoclem

344 1159 363 1202 a
384 1137 589 1204 sollemnibus
611 1138 755 1204 formulis
770 1149 848 1225 puto
863 1161 1027 1225 nunquam
1042 1141 1221 1224 recessisse,
1244 1119 1433 1224 praesertim

344 1267 415 1310 cum
436 1245 527 1312 verbi
547 1248 705 1332 ψηφίζειν
725 1248 823 1312 activi
843 1248 966 1312 formae
986 1271 1007 1312 a
1028 1247 1124 1312 medii
1145 1249 1178 1312 in
1192 1269 1338 1312 sermone
1351 1245 1432 1310 iudi-

344 1353 416 1418 ciali
437 1353 608 1438 diligenter
629 1355 893 1421 discernerentur.
914 1392 956 1402 -
977 1355 1030 1420 Ad
1052 1355 1186 1420 eandem
1207 1357 1315 1420 Aiacis
1343 1355 1433 1420 litem

344 1463 377 1526 in
405 1483 435 1525 v.
460 1462 540 1528 1135
567 1461 671 1528 tendit
701 1463 818 1528 locutio
850 1463 1042 1548 κλέπτης
1068 1457 1320 1549 ψηφοποιός
1349 1485 1434 1548 quae

336 1567 452 1654 ‘potest
473 1571 616 1636 revocari
637 1580 693 1636 eut
714 1570 752 1636 ed
777 1570 1004 1655 suffragatores
1020 1571 1174 1656 quosdam
1196 1573 1251 1656 qui
1272 1573 1304 1634 in
1320 1570 1432 1636 suffre-

343 1679 406 1762 giis
435 1677 574 1744 ferendis
603 1677 713 1743 dolose
745 1700 779 1742 se
811 1677 967 1762 gerebant
998 1687 1054 1742 aut
1081 1678 1122 1742 ad
1152 1679 1433 1763 praestigiatorum

345 1785 505 1871 quoddam
525 1809 628 1872 genus
650 1787 705 1872 qui
728 1808 800 1851 oum
822 1787 950 1852 calculis
979 1796 1144 1852 uterentur
1173 1786 1213 1850 ad
1236 1808 1308 1850 suas
1329 1783 1434 1850 bario·
1553 1859 1554 1870 p

343 1895 478 1960 lationes
511 1894 754 1981 adpellabantnr
783 1907 1036 1981 coapostolatus,
1069 1887 1280 1981 ψηφολόγοι,
1302 1913 1436 1980 ψηφο-

344 2003 538 2068 κλέπται.
581 2003 754 2068 Praeterea
782 2002 843 2067 buc
872 2004 1010 2086 pertinet
1038 2003 1071 2066 in
1092 2001 1201 2066 Inaob.
1224 2001 1346 2068 11260
1366 2023 1435 2070 vox

259 2199 260 2203 Ἰ
344 2103 485 2196 κημὸς,
510 2132 573 2195 qua
594 2120 678 2176 teste
700 2110 796 2176 schol.
819 2109 876 2174 Ar.
900 2109 960 2196 Eq.
985 2111 1065 2176 1150
1085 2111 1213 2196 proprie
1234 2109 1435 2194 significatur

344 2220 430 2283 vasis
451 2218 534 2282 illius
556 2219 685 2283 viminei
705 2219 739 2281 in
761 2219 846 2304 quod
867 2220 899 2282 in
922 2218 1165 2284 Atheniensium
1187 2218 1309 2284 iudiciis
1324 2218 1434 2282 inicie-

344 2327 462 2392 bantur
482 2327 594 2392 calculi
616 2327 761 2412 superior
782 2348 857 2412 pers
878 2328 910 2392 in
932 2326 1068 2392 formam
1089 2327 1281 2393 infundibuli
1291 2326 1432 2398 redacta.

426 2433 567 2500 Notione
589 2443 696 2502 autem
723 2436 889 2504 latioribus
918 2435 1034 2502 finibus
1064 2437 1318 2520 circumscripta,
1350 2457 1435 2521 quse

267 2601 272 2612 .
344 2553 453 2609 tamen
472 2542 551 2608 fluat
579 2565 620 2610 cx
651 2544 705 2609 illa
732 2547 899 2630 primaria,
929 2544 1120 2610 vocabulum
1144 2548 1257 2629 ψῆφος
1277 2543 1378 2608 utitur
1397 2545 1434 2608 in

344 2651 405 2720 ΟΒ
424 2652 484 2718 607

884 2755 928 2846 μή
948 2762 981 2846 μ’
1002 2752 1091 2845 ἁπλῇ
1110 2753 1233 2844 κτάνῃς

491 2862 629 2953 ψήφῳ,
649 2869 749 2951 διπλῇ
770 2867 816 2948 δὲ,
839 2871 880 2952 τῇ
901 2868 930 2932 τ’
952 2866 1012 2953 ἐμῇ
1033 2870 1089 2934 καὶ
1111 2872 1160 2952 σῇ,
1182 2861 1305 2956 λαβὼν,

344 2985 376 3040 61
398 2976 431 3040 in
453 2974 576 3040 duobus
598 2976 783 3059 Antigonae
803 2974 958 3060 versibus,
980 2975 1021 3039 60

987 3081 1016 3148 εἰ
1037 3075 1143 3169 νόμου
1163 3085 1219 3174 βίᾳ

492 3195 638 3294 cippos>
658 3185 833 3277 τυράννων
854 3181 874 3276 ἢ
894 3185 1001 3278 κράτη
1020 3193 1199 3278 παρέξιμεν

344 3298 459 3364 61632
501 3295 620 3379 muoz,
642 3301 774 3368 τελείαν
794 3303 943 3385 ψῆφον
965 3285 1028 3386 ἆρα
1047 3293 1092 3385 μὴ
1112 3293 1271 3366 κλύων..
1290 3291 1435 3384 ,πάρεις
1551 3323 1552 3330 ¹

344 3405 468 3486 Quibus
489 3405 567 3471 locis
587 3411 701 3493 ψῆφος
722 3428 852 3491 prorsus
882 3417 931 3472 est
959 3429 1017 3493 pro
1038 3401 1152 3492 γνώμῃ
1174 3430 1181 3470 :
1210 3408 1264 3491 qui
1288 3429 1362 3471 usus
1392 3429 1432 3470 eo

344 3513 426 3580 bene
456 3515 644 3580 inlustratur
675 3513 760 3600 quod
794 3536 857 3578 uno
889 3516 959 3580 loco
992 3517 1170 3580 invenimus
1201 3537 1241 3579 ex
1271 3515 1432 3580 contrario

343 3643 456 3687 vocem
483 3616 606 3708 γνώμη.
628 3631 836 3708 usurpatam,
876 3644 946 3687 curn
985 3645 1042 3687 suo
1075 3623 1144 3688 loco
1175 3623 1315 3708 positum
1347 3631 1434 3687 esset
1550 3695 1551 3714 χ

266 3779 270 3788 .
342 3734 465 3816 ψῆφος.
508 3729 643 3795 Locutio
666 3724 945 3816 6111111γνώμην
965 3733 1178 3796 τίθεσθαι
1200 3751 1294 3816 quam
1309 3731 1431 3794 inveni-

342 3860 412 3904 mus
442 3840 476 3903 in
508 3837 590 3904 Phil.
615 3838 694 3907 1448
726 3859 819 3902 nemo
853 3837 1013 3902 dubitabit
1044 3839 1122 3923 quin
1152 3838 1297 3923 profecta
1327 3839 1368 3902 sit
1389 3859 1431 3902 ex

342 3948 472 4012 notione
493 3946 576 4012 illins
598 3945 742 4031 suffragii
773 3946 904 4031 (ψῆφον
925 3947 1083 4011 τίθεσθαι
1103 3944 1221 4010 Aesch.
1243 3945 1337 4010 Eum.
1360 3945 1430 4027 736,

343 4054 422 4118 alias
443 4058 562 4139 ψῆφον
583 4053 698 4140 φέρειν
719 4053 761 4117 ib.
785 4052 856 4118 676.
877 4052 948 4135 680,
970 4051 1076 4137 αἴρειν
1096 4053 1181 4137 709).

424 4159 494 4226 Iam
526 4160 567 4226 de
596 4162 667 4246 ipsa
698 4161 732 4226 in
763 4159 888 4224 iudiciis
909 4160 1036 4226 actione
1056 4181 1159 4246 pauca
1178 4159 1256 4224 mibi
1284 4169 1360 4224 sunt
1383 4157 1430 4224 di·

346 4267 455 4333 cenda.
498 4267 582 4332 Nam
604 4278 827 4354 praeterquam
849 4267 933 4351 quod
949 4278 1068 4353 quanta
1082 4270 1131 4332 vis
1147 4267 1267 4332 tributa
1283 4269 1323 4332 sit
1345 4265 1431 4352 apud
