3126 5176
658 471 694 536 ll

576 558 772 567 ...—--.-—.

126 695 222 740 sonas
244 671 286 740 ad
309 673 450 760 singulas
472 697 523 739 res
545 673 719 759 separatim
740 672 868 756 singula
890 670 1133 757 respondentes,
1155 667 1217 734 dis·

128 783 254 848 serendi
275 784 433 848 tenuitate
453 805 491 846 ac
513 782 715 867 simplicitate
737 780 816 845 adeo
842 781 984 862 recessit,
1005 788 1040 843 ut
1055 779 1217 842 rhetorum

128 914 204 957 usus
241 889 367 956 dicendi
403 891 566 960 ubertate
585 891 775 974 compositas
819 887 972 974 quasdam
1016 899 1048 951 et
1083 886 1217 951 artificio

80 1079 86 1088 ³
126 1000 295 1064 distinctas
317 1000 498 1064 institueret
520 998 688 1062 orationes.
733 997 837 1077 Quam
858 997 1014 1061 rationem
1035 1016 1086 1060 res
1108 997 1216 1059 inven-

126 1108 215 1172 tione
228 1107 386 1172 rhetorica
401 1105 577 1171 exornandi
593 1127 771 1191 causasque
782 1105 822 1170 ad
837 1103 1075 1169 similitudinem
1090 1103 1217 1187 generis

126 1215 284 1279 iudicialis
314 1214 474 1278 tractandi
509 1215 651 1298 exceptis
682 1212 862 1277 Trachiniis
900 1234 970 1276 cum
1008 1213 1041 1275 in
1071 1210 1217 1275 omnibus

126 1323 244 1388 fabulis
266 1321 452 1408 Sophocleis
474 1323 678 1406 agnoscimus
700 1332 768 1386 tum
789 1323 822 1386 in
844 1322 1070 1386 recentissimis
1093 1319 1216 1383 Philoc-

126 1441 196 1497 teta
217 1441 249 1496 et
271 1430 396 1516 Oedipo
419 1430 560 1498 Ooloneo
593 1451 653 1494 ncc
680 1432 785 1494 minus
814 1431 846 1494 in
869 1429 977 1494 Aiacis
999 1440 1090 1514 parte
1112 1437 1215 1512 poste-

127 1541 211 1604 riore
234 1559 329 1624 quam
349 1536 391 1602 ob
413 1537 446 1604 id
467 1539 569 1622 ipsum
591 1547 648 1602 aut
669 1559 688 1601 a
716 1558 791 1602 sene
812 1536 971 1622 Sophocle
1000 1547 1055 1601 aut
1083 1536 1124 1600 ab
1154 1536 1216 1601 alio

127 1656 225 1732 potita
251 1655 323 1731 post
353 1647 421 1712 eius
452 1665 618 1710 excessum
647 1647 681 1710 in
708 1667 778 1710 eam
810 1666 891 1730 quae
912 1645 1004 1709 nobis
1026 1653 1153 1729 praesto
1175 1646 1217 1708 sit

127 1755 264 1819 formam
287 1775 357 1820 esse
377 1753 542 1818 redactam
563 1753 707 1818 nonnulli
729 1755 789 1818 viri
811 1753 913 1836 docti,
944 1755 976 1817 in
999 1752 1047 1816 his
1069 1751 1181 1836 Bergk
1189 1753 1215 1834 8)

128 1872 160 1928 et
188 1861 227 1929 Ο.
247 1861 446 1946 Ribbeck9),
475 1883 540 1926 non
570 1863 639 1926 sine
666 1863 772 1948 specie
800 1861 1034 1947 probabilitatis
1065 1861 1216 1946 suspicati

128 1980 212 2036 sunt.
256 1969 371 2056 Itaque
393 1991 586 2056 quamquam
600 1971 807 2057 Euripideam
827 1972 985 2035 rationem
1006 1969 1086 2034 talia·
1104 1991 1216 2054 sapere

127 2077 213 2143 haud
234 2078 391 2144 immerito
414 2078 538 2162 dicitur,
561 2090 667 2144 tamen
682 2080 886 2144 vitiosissima
907 2099 1052 2164 quaeque
1067 2088 1099 2142 et
1113 2079 1217 2143 aliena

126 2185 169 2251 ab
199 2185 277 2250 artis
309 2187 452 2270 tragicae
478 2187 636 2270 dignitate
664 2187 856 2271 Sophoclem
891 2189 1029 2252 evitasse
1064 2187 1216 2252 debemus

126 2293 310 2358 concedere.
366 2293 469 2372 Quem
497 2305 586 2380 patet
614 2316 776 2382 nunquam
805 2297 895 2381 quasi
927 2297 1030 2381 ipsam
1058 2295 1216 2360 actionem

128 2401 305 2467 instituisse
318 2401 488 2484 forensem,
510 2403 542 2468 id
564 2404 649 2489 quod
664 2405 697 2468 in
714 2403 898 2469 Phoenissis
912 2401 1092 2467 Troadibus
1114 2403 1215 2467 Hera·

129 2509 218 2574 clidis
238 2509 373 2574 Hecuba
396 2508 513 2576 Oreste
534 2512 611 2576 fecit
631 2511 820 2596 Euripides,
850 2511 907 2575 sed
934 2510 1058 2575 modice
1090 2522 1121 2575 et
1143 2533 1214 2595 pru·

126 2617 240 2682 denter
271 2616 397 2682 dicendi
429 2619 482 2684 illa
513 2619 666 2684 facultate
698 2629 730 2684 et
762 2621 853 2706 copia
882 2641 952 2684 esse
982 2641 1082 2684 usum.
1131 2619 1216 2685 Nam

128 2725 258 2810 ,sedulo
281 2725 401 2809 curat“,
423 2729 528 2813 inquit
548 2727 660 2811 Bergk
682 2729 715 2809 (l.
738 2751 763 2792 c.
787 2750 817 2814 p.
833 2727 1046 2812 XXXVHI),
1071 2737 1124 2812 ,ut
1145 2749 1219 2814 pere

128 2853 225 2898 sonae
258 2844 289 2899 et
322 2836 355 2900 in
386 2836 513 2920 agendo
548 2846 580 2901 et
611 2837 644 2900 in
675 2836 834 2922 loquendo
867 2846 996 2901 servent
1025 2836 1216 2920 dignitatem

127 2961 230 3027 neque
251 2943 394 3008 incidant
423 2946 456 3008 in
479 2945 645 3010 ‘forensem
673 2946 759 3010 illam
791 2947 1017 3032 loquacitatem
1039 2966 1102 3031 qua
1123 2945 1215 3010 Euri·

125 3047 216 3133 pides
237 3050 386 3132 gaudet.“
436 3051 606 3137 Euripides
635 3055 733 3138 igitur
761 3075 832 3118 cum
861 3053 903 3117 ad
934 3054 1063 3118 fallaces
1090 3053 1216 3117 dicendi

125 3167 210 3222 artes
233 3155 380 3244 delapsus
402 3159 573 3225 verborum
594 3171 629 3226 ut
651 3161 835 3225 nitidiorum
857 3162 903 3225 ita
924 3161 1077 3226 leviorum
1099 3161 1215 3225 soleret

124 3286 271 3350 promere
290 3267 481 3352 ubertatem,
503 3268 678 3354 Sophocles
700 3270 733 3334 in
754 3291 790 3334 re
811 3271 985 3334 constituta
1006 3289 1131 3354 semper
1145 3289 1213 3332 ver·

126 3383 213 3436 satus
236 3395 347 3439 causas
368 3376 414 3440 ita
434 3377 590 3460 instituit,
621 3387 657 3442 ut
686 3377 773 3442 nulla
800 3378 862 3440 nisi
892 3399 974 3463 quae
1005 3377 1046 3442 ad
1073 3379 1215 3462 ipsorum

127 3483 318 3546 certantium
339 3503 431 3548 usum
453 3486 651 3568 pertinerent
679 3495 869 3569 argumenta
896 3485 1046 3550 adferret.
1090 3485 1214 3565 Quibus

125 3587 409 3674 disceptationibus
449 3601 647 3677 quantopere
686 3602 901 3678 spectatorum
939 3595 1037 3658 animi
1066 3592 1214 3658 delectati

124 3697 200 3777 sint,
221 3697 360 3782 perbene
381 3698 612 3783 intellegimus,
643 3701 671 3764 si
698 3700 851 3784 gaudium
872 3699 1032 3786 quoddam
1053 3701 1214 3764 actionum

123 3803 318 3869 iudicialium
348 3808 534 3892 respicimus
565 3807 810 3872 Atheniensium
844 3808 943 3873 fuisse
970 3809 1151 3894 proprium,
1182 3807 1214 3871 id

124 3911 210 3996 quod
233 3934 274 3976 cx
298 3914 471 3979 comoediis
494 3915 736 4000 Aristophaneis
758 3917 897 3979 maxime
917 3917 1147 3999 cognoscimus.

194 4162 642 4237 ⁸)Hall.allg.Litt.-Ztg.1849,
669 4187 692 4239 p.
716 4173 787 4224 1085.
829 4171 926 4222 Comm.
949 4171 980 4223 de
1005 4171 1063 4223 vita
1085 4172 1163 4239 Soph.
1189 4190 1212 4240 p.
1302 4221 1305 4229 .

123 4249 232 4301 XXXV.

194 4333 217 4403 ⁹)
235 4337 315 4406 Soph.
334 4356 360 4392 u.
380 4357 400 4392 a
420 4343 498 4413 Trag.
517 4358 541 4412 p.
562 4345 601 4395 19.
