3126 5176
591 479 788 580 Aa„

145 679 241 744 citato
262 679 390 764 singula
412 681 643 767 nonnunquam
666 683 804 746 mutuari
826 681 1028 748 lineamenta.
1072 683 1170 749 Cuius
1190 688 1237 751 rei

144 788 376 874 amplissimum
397 788 530 873 praebet
552 790 732 875 exemplum
755 792 857 856 oratio
878 792 932 856 illa
953 813 1035 877 quae
1057 793 1238 858 continetur

144 896 222 962 Cho.
239 896 427 961 734-765:
451 918 514 982 qua
536 899 644 962 nutrix
668 907 844 983 conquesta
866 909 985 964 sortem
1000 898 1125 966 Orestis
1142 922 1237 986 quem

142 1013 234 1089 putat
268 1027 336 1070 esse
368 1015 546 1088 mortuum,
580 1027 650 1070 cum
684 1005 870 1071 recordetur
900 1007 1026 1074 illorum
1057 1017 1237 1093 temporum

142 1112 256 1197 quibus
287 1115 358 1198 ipsa
388 1111 538 1178 Orestem
568 1113 725 1178 infantem
754 1113 886 1196 aluerit,
917 1135 947 1179 v.
970 1115 1031 1180 749
1052 1136 1122 1201 sqq.
1144 1117 1235 1181 senili

141 1221 336 1306 loquacitate
371 1230 536 1286 enumerat
567 1223 674 1286 omnia
713 1243 795 1306 quae
833 1223 862 1286 ei
894 1225 1089 1307 praestiterit
1123 1223 1234 1290 officia.

143 1327 235 1408 Quae
256 1329 401 1414 depingit
422 1337 519 1414 poeta
550 1329 708 1394 coloribus
737 1339 802 1394 tam
832 1332 964 1415 nativis,
995 1341 1031 1396 ut
1061 1332 1115 1396 illa
1144 1335 1236 1418 quasi

141 1439 283 1503 animata
304 1447 380 1501 ante
401 1439 508 1502 oculos
530 1437 622 1502 nobis
644 1437 832 1503 obversetur
854 1439 1011 1524 facileque
1041 1441 1112 1525 quis
1133 1443 1235 1526 possit

143 1555 256 1632 putare
270 1545 310 1610 ad
325 1555 469 1611 nostram
484 1555 622 1611 aetatem
637 1548 770 1612 nutricis
786 1547 871 1612 istud
886 1549 1049 1632 exemplar
1064 1551 1232 1635 pertinere.

143 1653 283 1718 Tantum
304 1665 411 1718 autem
442 1655 587 1739 vigorem
617 1663 746 1740 poetam
775 1676 840 1719 non
869 1657 1012 1740 potuisse
1040 1657 1106 1721 eius
1136 1658 1235 1724 indoli

142 1764 261 1826 inicere
281 1763 342 1826 uisi
365 1783 435 1826 eam
456 1763 490 1826 in
511 1784 575 1848 qua
596 1765 665 1848 ipse
688 1763 804 1828 cotidie
835 1763 1025 1828 versabatur
1057 1766 1157 1830 vitem
1178 1767 1231 1832 ad-

142 1869 298 1937 hibuisset
318 1891 412 1936 nemo
435 1871 548 1956 opinor
569 1893 634 1936 non
656 1873 826 1956 intellegit.

178 2045 185 2053 ,
224 1978 378 2044 Videmus
407 1981 506 2064 igitur
535 1979 731 2066 Aeschylum
762 1981 910 2047 licentiae
939 2005 997 2048 sua
1026 1992 1171 2068 tempora
1200 1985 1233 2048 in

141 2086 258 2151 sabulis
280 2087 427 2152 imitandi
448 2089 525 2152 satis
548 2089 612 2154 late
633 2099 731 2175 atque
752 2099 864 2174 aperte
885 2081 1076 2155 indulsisse':
1091 2090 1125 2155 id
1146 2091 1232 2177 quod

140 2217 205 2289 non
233 2197 337 2260 minus
369 2217 465 2281 quam
496 2219 536 2261 ex
569 2199 667 2282 ipsius
696 2197 803 2262 indole
836 2198 962 2264 videtur
990 2199 1065 2263 inde
1092 2199 1232 2284 pendere

141 2303 226 2388 quod
249 2305 334 2369 cives
357 2305 411 2369 vix
432 2327 572 2370 emersos
601 2328 641 2370 ex
662 2307 853 2370 atrocissimi
881 2306 955 2372 belli
986 2307 1231 2392 tempestatibus

141 2411 353 2497 perspiciebat
393 2414 497 2478 miuus
538 2423 703 2498 promptos
743 2413 813 2478 fore
845 2414 886 2478 ad
918 2415 1091 2478 remotiora
1122 2425 1230 2480 mente

141 2520 337 2605 capessenda
357 2543 453 2606 quam
475 2521 588 2607 quibus
610 2521 762 2586 discendo
784 2532 881 2608 atque
902 2522 1080 2589 exercendo
1112 2545 1232 2608 augere

142 2630 206 2692 vim
228 2629 424 2720 percipiendi
446 2651 503 2714 per
523 2639 703 2714 temporum
725 2630 869 2695 favorem
890 2631 1039 2695 licuisset.

222 2739 331 2823 Atque
351 2740 376 2802 si
397 2738 439 2803 ad
460 2739 600 2824 reliquos
622 2738 701 2802 duos
723 2740 863 2802 animum
885 2740 1117 2822 convertimus,
1147 2741 1246 2804 inter·

140 2845 336 2931 Aeschylum
359 2856 391 2912 et
411 2846 598 2932 Euripidem
619 2869 683 2911 una
704 2869 755 2910 res
767 2845 893 2911 videtur
904 2848 1095 2913 convenire:
1110 2857 1230 2912 utrum·

140 2975 202 3040 que
231 2958 315 3018 enim
347 2955 440 3020 facile
472 2955 680 3040 perspicimus
712 2954 896 3038 tragoedias
926 2955 1041 3020 docere
1070 2976 1136 3020 non
1163 2964 1231 3020 tam

138 3063 238 3148 ipsius
259 3063 337 3127 artis
365 3063 471 3146 gratia
500 3083 596 3148 quam
624 3070 660 3126 ut
688 3071 810 3126 motum
833 3062 994 3147 quendam
1020 3063 1054 3126 in
1075 3072 1233 3148 spectato-

138 3192 209 3236 rum
231 3173 345 3234 animis
366 3171 493 3235 excitet.
544 3169 653 3235 Nihilo
681 3179 789 3235 tamen
819 3171 924 3234 minus
952 3171 979 3234 si
1006 3171 1039 3234 in
1069 3170 1234 3255 idipsum

139 3278 324 3364 diligentius
346 3280 544 3365 inquirimus,
567 3289 599 3343 et
618 3279 665 3343 rei
688 3288 720 3343 et
741 3278 864 3344 formae
886 3300 1044 3342 summum
1073 3279 1233 3344 intereos

138 3385 336 3452 intercedere
369 3386 539 3451 discrimen
570 3385 797 3452 dilucidissime
836 3395 980 3472 apparet.
1039 3385 1119 3450 Eius
1148 3387 1232 3452 enim

139 3515 204 3579 qua
224 3494 359 3560 florebat
381 3495 551 3580 Euripides
583 3497 699 3560 aetatis
731 3496 829 3579 longe
860 3493 947 3559 aliud
979 3494 1041 3558 fuit
1068 3495 1232 3578 ingenium

139 3623 234 3687 quam
256 3603 464 3689 Aeschyleae.
507 3603 593 3668 Nam
616 3625 697 3687 cum,
719 3603 871 3689 quamdiu
886 3601 1067 3687 Aeschylus
1089 3600 1230 3686 vivebat,

137 3732 203 3774 non
225 3710 384 3776 desineret
407 3733 458 3776 res
480 3710 607 3797 publica
627 3712 725 3776 variis
746 3709 1023 3776 sollicitationibus
1039 3709 1231 3792 conturbari,

137 3818 232 3902 paulo
254 3827 328 3904 post
350 3820 416 3884 eius
447 3840 631 3902 excessum,
660 3818 716 3883 ubi
747 3819 879 3884 Periclis
906 3819 1106 3904 potissimum
1135 3839 1232 3902 opera

138 3926 322 4011 conquievit
343 3949 364 3991 a
377 3927 522 3992 laborum
544 3927 792 4011 continuatione,
814 3926 998 3993 liberalibus
1014 3924 1127 3990 studiis
1150 3947 1232 4011 quae

138 4053 215 4117 prae
235 4033 383 4118 publicae
404 4035 514 4100 salutis
536 4037 660 4099 ratione
680 4055 782 4120 usque
812 4033 854 4098 ad
881 4034 957 4098 illud
988 4042 1113 4116 tempus
1140 4043 1232 4098 erant

137 4141 304 4224 neglectae
337 4142 554 4209 efflorescente
586 4141 801 4228 sophistarum
843 4142 990 4207 doctrina
1032 4142 1119 4206 locus
1161 4143 1231 4207 dari

77 4239 80 4242 ’
137 4258 268 4334 coeptus
290 4261 349 4315 est.
393 4251 536 4330 Quorum
558 4252 748 4337 praeceptis,
770 4253 889 4337 quippe
903 4273 987 4337 quae
1002 4271 1072 4315 cum
1088 4250 1128 4316 ad
1143 4251 1231 4315 vitae

137 4358 313 4421 communis
334 4359 569 4423 institutionem
590 4370 659 4424 tum
680 4358 720 4423 ad
743 4380 835 4446 usum
856 4359 1043 4444 popularem
1058 4368 1090 4424 et
1105 4359 1230 4424 civilem
