3126 5176
846 407 886 473 88

400 603 559 686 Quoniam
592 608 632 672 de
663 609 810 691 privatae
839 609 926 672 vitoe
955 607 1100 692 pertibus
1129 605 1318 692 quibusdem
1340 627 1415 670 sum

318 718 547 802 disputaturus,
568 716 620 781 hic
640 718 729 781 locus
751 715 836 780 haud
857 716 1077 780 incommodus
1100 737 1170 780 esse
1189 713 1324 797 videtur,
1348 736 1414 798 quo

317 825 364 889 de
385 825 609 888 mulierum
632 825 664 887 in
685 823 802 888 fabulis
824 822 1010 909 Sophocleis
1031 823 1279 888 condicione
1307 844 1415 907 pauca

317 931 395 996 fient
407 930 515 996 verbs.
538 932 647 1016 Atque
662 933 694 994 in
707 931 885 995 Homericis
901 932 1094 996 carminibus
1110 931 1346 996 concedendum
1361 943 1415 998 est

317 1039 465 1103 mulieres
487 1039 607 1103 maiore
628 1039 675 1102 uti
697 1037 884 1122 dignatione
905 1061 1001 1124 quom
1016 1060 1098 1124 quae
1113 1040 1289 1123 posteriore
1304 1049 1415 1105 aetate

317 1148 355 1211 iis
376 1145 503 1210 videtur
523 1167 595 1210 esse
615 1147 745 1210 tribute.
788 1146 914 1210 Nature
935 1147 1020 1210 enim
1048 1167 1120 1210 cum
1141 1148 1217 1210 viris
1240 1148 1304 1210 sint
1324 1147 1414 1212 heud

316 1255 464 1340 impares,
486 1253 566 1318 adeo
588 1275 654 1317 non
675 1255 841 1318 etiamtum
862 1252 1026 1317 homiuum
1055 1255 1244 1318 commercio
1273 1253 1335 1318 frui
1357 1277 1413 1318 ve·

273 1387 275 1391 ·
317 1371 434 1445 tantur,
457 1371 492 1426 ut
513 1371 625 1426 contra
645 1363 679 1424 in
700 1361 804 1426 medio
833 1362 959 1446 saepius
990 1370 1157 1426 versentur
1184 1363 1332 1425 convictu
1353 1360 1413 1424 hu·

316 1490 422 1552 meno,
446 1490 517 1532 cum
537 1478 651 1554 postea
671 1470 855 1533 noverimus
877 1490 929 1532 ees
951 1469 1037 1533 domi
1065 1469 1203 1533 inclusas
1225 1468 1415 1532 condicione

318 1579 431 1641 sinon
454 1577 570 1659 servili,
593 1577 623 1640 id
650 1576 735 1662 quod
747 1577 960 1640 Asiaticorum
981 1578 1126 1660 gentium
1148 1585 1216 1640 eret
1237 1577 1413 1661 proprium,

268 1741 274 1751 t
297 1637 451 1766 lindigne
472 1694 579 1748 tamen
602 1693 634 1748 et
654 1685 771 1748 misere
792 1705 862 1748 esse
883 1705 966 1747 usos.
1009 1683 1062 1748 Its
1076 1685 1172 1748 etiem
1187 1683 1272 1768 opud
1287 1683 1412 1769 Sopho-

317 1791 399 1855 clem
420 1793 598 1856 invenimus
615 1790 775 1874 Oedipum
798 1799 829 1855 et
844 1790 1005 1855 Iocastum
1019 1801 1129 1856 mutuo
1144 1812 1252 1855 amore
1267 1800 1300 1855 et
1314 1811 1414 1876 quam

316 1899 458 1962 maxima
478 1899 555 1962 iuris
576 1900 740 1984 aequitate
761 1901 947 1963 coniunctos
969 1924 976 1963 ε
995 1899 1081 1984 quod
1103 1899 1242 1963 maxime
1263 1899 1412 1962 inlustre-

317 2015 370 2071 tur
391 2005 453 2072 ΟΒ
473 2007 536 2071 579
558 2027 616 2090 sq.‚
638 2006 693 2070 ubi
715 2005 847 2071 Creonti
868 2007 1080 2090 interroganti

466 2104 577 2199 ἄρχεις
598 2114 626 2178 d
648 2111 757 2196 ἐκείνῃ
778 2103 884 2180 ταύτὰ
905 2119 964 2198 γῆς
985 2113 1059 2180 'loon
1077 2114 1208 2198 νέμων;

318 2219 462 2306 Oedipus
483 2220 655 2305 respondet

362 2361 364 2366 ¹
409 2368 410 2372 =
466 2316 509 2394 dv
529 2315 549 2412 ᾗ
570 2329 718 2394 θέλουσα
740 2322 840 2394 πάντ’
861 2328 944 2413 ἐμοῦ
965 2331 1146 2414 κομίζεται,

319 2447 351 2501 et
371 2437 432 2501 700
446 2457 504 2521 sq.‚
526 2436 582 2500 ubi
594 2435 740 2522 Oedipus
757 2458 829 2500 cum
843 2459 943 2501 uxore
958 2438 1194 2502 consultaturus
1209 2436 1248 2500 de
1264 2435 1414 2501 Creontis

319 2543 591 2609 criminationibus
614 2565 684 2608 enm
705 2545 875 2630 compellet
896 2544 945 2608 his
966 2543 1074 2608 verbis

468 2651 552 2737 ἐρῶ·
575 2651 611 2717 οὲ
631 2645 694 2736 γὰρ
716 2652 815 2717 toovd
837 2650 872 2728 ἐς
892 2653 1007 2736 πλέον,
1029 2646 1135 2737 γύναι,
1156 2653 1260 2734 σέβω·
1328 2713 1331 2720 .

468 2757 647 2844 Κρέοντος,
671 2751 725 2823 οἷά
746 2781 803 2842 μοι
824 2753 1053 2840 βεβουλευκώς
1077 2756 1142 2843 ἔχει
1165 2784 1172 2823 :

321 2888 403 2950 quae
423 2867 536 2951 siquis
557 2867 681 2949 legerit,
704 2867 754 2928 cui
778 2887 924 2930 versuum
947 2867 1072 2930 illorum
1084 2867 1327 2930 Homericorum
1347 2886 1415 2929 non

319 2974 427 3038 veniet
458 2974 492 3036 in
527 2983 667 3037 mentem
700 2973 815 3058 quibus
847 2974 949 3038 Arete
982 2973 1067 3057 apud
1094 2972 1261 3037 'Phaeaces
1293 2982 1416 3057 quante

320 3080 445 3144 fruatur
465 3081 647 3145 reverentie
676 3080 868 3146 describitur
897 3083 932 3166 (η
953 3082 994 3146 69
1017 3081 1129 3166 sqq.)?
1172 3079 1338 3145 Eiusmodi
1357 3101 1414 3145 eu·

320 3197 386 3252 tem
408 3189 586 3252 sententiae
607 3196 643 3251 ut
663 3187 799 3252 Phaedr.
822 3188 860 3252 fr.
882 3189 944 3254 608

470 3286 561 3360 οὕτω
582 3289 739 3379 γυναικὸς
761 3285 860 3360 οὐδὲν
881 3287 923 3360 ἂν
942 3302 1058 3380 μεῖζον
1078 3288 1184 3361 κακὸν

469 3407 571 3488 κακῆς
592 3392 674 3488 ἀνὴρ
695 3397 842 3487 κτήσαιτ’
864 3393 915 3483 dv,
939 3393 1017 3469 οὐδὲ
1038 3397 1214 3488 σώφρονος

469 3523 639 3595 κρεῖσσον·
661 3503 788 3576 παθὼν
810 3511 838 3574 ‹l'
861 3506 999 3587 ἕκαστος
1021 3495 1070 3576 οἷν
1090 3504 1173 3594 τύχῃ
1194 3510 1282 3594 λέγει

320 3626 376 3682 eut
397 3617 435 3682 fr.
456 3618 518 3682 oto

469 3726 519 3801 τίς
541 3726 569 3790 d’
591 3721 683 3801 οἶκος
705 3723 742 3790 ἐν
763 3729 936 3810 βροτοῖσιν
957 3715 1107 3810 οόλβὶσθη
1127 3724 1224 3802 ποτὲ,

468 3825 624 3917 γυναικὸς
646 3831 768 3917 ἐσθλῆς
788 3833 900 3916 χωρὶς,
924 3819 1089 3916 ὄγκωθεὶς
1102 3831 1216 3915 χλιδῇ;

321 3949 377 4004 aut
398 3941 436 4006 fr.
458 3940 521 4005 680

469 4048 542 4112 κατ’
565 4039 717 4132 ὀρφανὸν
737 4039 799 4132 γὰρ
822 4042 918 4112 οἶκον
938 4036 1140 4131 ἄνδρόφρωυ
1160 4037 1242 4128 γονή

324 4154 427 4238 (cuius
448 4155 495 4218 rei
517 4152 601 4239 apud
622 4151 799 4218 Homerum
821 4153 983 4238 Penelope
1006 4161 1055 4216 est
1085 4151 1279 4236 exemplar),
1307 4149 1416 4212 nescio

324 4283 365 4328 an
388 4284 408 4325 e
437 4269 533 4350 poeta
560 4263 660 4351 ipsius
682 4271 861 4351 temporum
882 4260 1024 4325 moribus
1045 4281 1109 4324 non
1131 4259 1235 4322 miuus
1257 4276 1354 4341 quem
1374 4255 1417 4320 ab
