3126 5176
599 451 796 546 ,ΔΙ---

150 652 401 736 (γηροτροφεῑν,
432 649 632 736 γηροβοσκοὶ
661 651 716 714 καὶ
747 643 911 734 σύμμαχοι
940 649 1025 713 Xen.
1053 649 1129 715 Oec.
1153 650 1181 732 l,
1205 650 1245 714 12

148 759 189 822 cf.
212 758 311 843 Soph.
335 759 386 822 Αἱ.
408 757 486 841 670)
508 767 566 822 aut
587 757 716 820 omnino
738 756 880 821 debitam
907 757 1060 841 pietatem
1081 766 1244 840 praestare

150 865 337 949 parentibus
360 875 467 929 aetate
489 863 643 928 confectis
672 874 884 930 recusaverat.
933 863 1025 942 Quae
1051 865 1104 928 lex
1136 864 1243 927 neseio

148 993 188 1036 an
212 979 325 1057 politae
346 974 453 1036 animo
476 971 648 1036 obversata
676 973 734 1054 sit,
764 993 836 1038 cum
864 971 1049 1056 Polynioem
1080 970 1245 1035 induceret

147 1082 273 1144 veniam
296 1091 456 1165 petentem
477 1102 498 1144 a
518 1089 609 1162 patre
631 1089 729 1144 autea
750 1079 884 1164 expulso
907 1077 967 1145 00
990 1078 1071 1144 1266
1092 1099 1140 1164 sq.

298 1189 354 1252 καὶ
373 1191 532 1273 μαρτυρῶ
553 1179 710 1263 κάκιστος
731 1176 927 1270 ἀνθρώπων
947 1197 1088 1271 τροφαῖς

296 1308 369 1370 ταῖς
391 1307 498 1361 σαῖσιν
518 1286 612 1380 ἥκειν
634 1303 693 1360 oet.

145 1411 179 1466 et
200 1403 451 1486 interrogantem
477 1402 556 1466 1273
577 1423 624 1486 sq.

261 1505 274 1556 ’·
295 1501 364 1575 οὐδ’
386 1500 567 1595 ἄνταμεὶβγγ
587 1510 620 1594 μ’
643 1503 741 1576 οὐδέν
748 1535 760 1588 ;
780 1498 852 1574 ἀλλ’
873 1499 1084 1593 ἀτιμάσας

296 1618 439 1702 πέμψεις
460 1608 612 1696 ἄναυδος,
636 1607 707 1682 οὐδ’
729 1603 750 1682 δ
771 1618 896 1703 μηνίεις
918 1611 1046 1703 φράσας
1053 1643 1065 1695 ;

144 1724 324 1810 iterumque
345 1733 508 1809 petentem
529 1734 565 1790 ut
587 1725 639 1790 ille
660 1725 810 1810 loquatur
835 1725 912 1791 1278
933 1746 981 1810 sq.
1044 1812 1045 1816 Ἰ

188 1881 267 1896 ....
291 1822 337 1909 ὡς
356 1825 400 1917 μὴ
421 1833 453 1916 μ’
476 1824 643 1916 ἄτιμον,
665 1836 729 1898 τοῦ
749 1837 836 1898 θεοῦ
856 1856 893 1917 γε
914 1826 1117 1918 προστάτην,

293 1931 401 2016 οὕτως
423 1929 493 2023 ἀφῇ
513 1927 554 2024 με
575 1939 677 2025 μηδὲν
698 1929 868 2006 ἀντειπών
890 1937 971 2016 ἔπος
993 1964 1000 2004 :

143 2048 355 2130 nequeenim
384 2045 550 2131 probabile
579 2056 630 2111 est
660 2047 793 2112 fortuito
823 2047 977 2112 vocabulo
1010 2036 1182 2131 ἀτιμάζειν
1209 2055 1242 2112 et

142 2143 261 2236 ἄτιμος
282 2155 328 2217 ita
348 2154 438 2217 iuxta
467 2175 538 2218 esse
569 2155 682 2238 posita.
733 2156 843 2239 Atque
872 2155 1052 2239 parentium
1082 2154 1240 2238 neglectio

142 2282 201 2345 pro
223 2269 343 2346 quanto
364 2261 508 2326 facinore
529 2261 625 2326 fuerit
647 2262 733 2346 apud
756 2262 981 2346 Athenienses,
1004 2283 1070 2327 non
1085 2261 1181 2326 modo
1201 2285 1241 2328 ex

144 2389 269 2452 poenae
289 2369 450 2452 gravitate
471 2367 527 2433 sed
549 2370 646 2433 etiam
676 2369 751 2434 inde
781 2370 876 2435 facile
906 2370 1126 2452 cognoscitur,
1155 2369 1240 2454 quod

142 2476 293 2558 graviore
315 2475 452 2560 quadam
474 2477 600 2540 ratione
621 2497 704 2561 quae
725 2477 901 2542 vocabatur
923 2476 1107 2561 εἰσαγγελία
1133 2470 1241 2542 κακώ-

143 2599 229 2658 σεως
251 2582 405 2648 eiusmodl
427 2603 542 2648 causae
563 2582 606 2648 ad
633 2582 752 2649 iudices
782 2583 1026 2665 deferebantur,
1055 2605 1115 2648 nec
1135 2585 1240 2650 minus

141 2689 218 2754 inde
262 2690 364 2775 quod,
407 2691 434 2754 si
477 2693 548 2776 quis
596 2691 728 2776 petebat
767 2693 1011 2776 magistratum,
1050 2691 1092 2757 ab
1131 2711 1168 2756 eo
1207 2693 1241 2756 in

142 2797 319 2886 δοκιμασίᾳ
341 2819 412 2862 cum
435 2798 499 2862 alia
521 2799 757 2885 quaerebantur
785 2809 852 2864 tum
880 2799 910 2865 εἰ
934 2799 1053 2884 γονέας
1080 2785 1119 2865 εὖ
1138 2812 1238 2866 ποιεῖ.

142 2903 248 2998 Quam
270 2907 450 2989 parentium
471 2908 685 2972 reverentiam
700 2929 771 2972 oum
785 2906 869 2992 apud
885 2908 1001 2972 multos
1016 2908 1188 2993 scriptores
1196 2907 1238 2988 ⁴⁴)

141 3021 210 3076 tum
242 3011 456 3096 compluribus
489 3013 566 3078 locis
599 3012 788 3099 Sophocleis
818 3024 929 3100 aperte
961 3014 1141 3080 ostenditur
1170 3036 1239 3080 rem

141 3140 213 3182 esse
233 3120 372 3185 maxime
393 3123 607 3186 necessariam
627 3121 670 3186 ad
691 3122 810 3186 famam
826 3122 1005 3188 honestatis
1022 3121 1238 3188 obtinendam.

141 3224 194 3290 Ita
214 3225 264 3290 El.
286 3227 348 3290 612
369 3248 440 3312 sqq.

291 3335 392 3409 ποίας
414 3333 451 3398 δέ
469 3356 527 3417 μοι
549 3335 601 3400 δεῖ
618 3330 704 3422 πρός
724 3360 761 3421 γε
783 3331 881 3422 τήνδε
903 3337 1082 3422 φροντίδος

292 3431 363 3524 ἥτις
383 3444 524 3506 τοιαῦτα
545 3434 607 3526 τὴν
627 3447 793 3509 τεκοῑσαν
813 3435 956 3528 δβρισεν,

290 3548 346 3611 καὶ
367 3550 474 3612 ταῦτα
497 3551 714 3634 τηλικοῦτος
734 3536 799 3635 ἆρά
822 3568 874 3616 σοι
895 3551 989 3616 δοκεῖ

289 3668 412 3739 χωρεῖν
433 3645 475 3720 ἄν
497 3654 531 3732 ἐς
551 3659 621 3720 πᾶν
643 3651 740 3742 ἔργον
761 3651 915 3744 αἰσχύνης
935 3647 1031 3743 ἄτερς

145 3759 403 3844 Clytaemnestra
425 3761 512 3845 dicit,
536 3763 590 3847 qui
612 3774 761 3848 parentes
791 3766 907 3830 iniuria
936 3763 1073 3829 adficere
1096 3764 1237 3828 animum

144 3868 246 3950 possit
277 3867 445 3952 inducere,
478 3889 550 3934 eum
579 3870 620 3934 ad
650 3871 816 3956 quodlibet
837 3873 960 3937 facinus
987 3872 1100 3935 merito
1127 3869 1238 3934 haberi

143 3973 299 4038 audacem
322 3998 329 4039 :
361 3975 411 4038 eui
440 3977 619 4041 sententiae
645 3997 687 4042 ne
707 3977 837 4042 Electra
858 3978 985 4062 quidem
1006 3976 1103 4041 audet
1122 3997 1235 4061 repug-

141 4102 228 4164 nare,
250 4080 290 4144 cf.
312 4082 374 4146 616
395 4103 465 4168 sqq.

210 4315 246 4383 ⁴⁴)
265 4319 351 4368 Loem
368 4319 503 4384 congessit
519 4320 711 4386 Nsegelsbaoh
729 4322 830 4374 Nachh.
849 4321 942 4373 Theol.
959 4335 984 4387 p.
1004 4325 1054 4373 tib
1072 4335 1128 4387 sqq.
