3126 5176
612 464 809 562 ‚L

163 669 220 733 ubi
241 670 386 753 singulae
407 690 503 733 voces
524 667 565 732 ad
581 667 780 753 Sophocleae
801 667 916 732 aetatis
936 675 1055 731 statum
1076 674 1150 730 sunt
1165 685 1254 729 revo-

166 777 294 842 candae.
337 777 421 842 Nam
444 777 575 841 vocibus
596 769 701 861 μάγος
723 784 755 840 et
777 765 919 861 άγύοτης
940 773 1025 838 haud
1047 773 1143 838 dubie
1157 772 1253 857 signi·

164 884 301 950 ficantur
322 907 451 950 errones
471 885 517 949 illi
539 885 727 969 plerumque
748 884 870 948 Persici
902 883 956 968 qui
985 880 1156 947 Graeciam
1186 901 1256 964 per-

165 994 275 1076 vagati
307 991 349 1057 ad
381 1001 549 1078 quaestum
578 991 781 1056 abducebant
818 990 1080 1054 vaticinationem
1112 987 1257 1052 similiter

164 1110 260 1185 atque
283 1099 415 1184 Cingari
437 1098 541 1164 adhuc
562 1109 727 1184 vagantes.
771 1095 896 1175 Quibus
918 1107 953 1162 ut
967 1105 1121 1182 appareat
1136 1103 1256 1180 quanto

165 1231 238 1272 cum
253 1217 440 1293 contemptu
454 1207 595 1272 Tiresias
611 1206 862 1272 Atheniensibus
880 1207 967 1270 visus
986 1207 1028 1269 sit
1043 1204 1255 1285 adnumerari,

164 1326 388 1402 praeterquam
410 1314 496 1401 quod
526 1317 707 1401 quicunque
734 1315 796 1379 sibi
824 1316 885 1400 ipsi
912 1315 1032 1378 victum
1060 1311 1257 1398 quaerebant

165 1418 354 1508 (βάναυσοι)
376 1445 397 1487 a
418 1422 541 1487 civibus
562 1424 710 1506 ingenuis
732 1421 998 1508 despiciebantur,
1020 1442 1132 1486 vocem
1152 1414 1257 1505 μάγος

164 1553 281 1596 moneo
302 1531 387 1596 idem
408 1532 516 1596 valere
537 1553 575 1596 ao
595 1523 674 1616 γόης
696 1529 899 1615 eiusdemque
919 1530 1164 1614 contemptionis
1187 1549 1257 1592 esse

165 1641 364 1724 participem,
391 1641 437 1704 ita
458 1649 494 1704 ut
515 1639 632 1704 locutio
662 1631 767 1722 μάγος
796 1639 852 1703 καὶ
881 1632 961 1723 γόης
990 1638 1024 1701 in
1052 1636 1256 1722 proverbium

165 1747 280 1812 abierit
312 1769 374 1833 quo
408 1749 620 1833 nequissimus
652 1748 879 1832 praestigiator
917 1748 1013 1810 etiam
1052 1767 1124 1810 oum
1161 1767 1256 1810 sensu

166 1855 250 1918 civili
271 1854 469 1939 significetur
491 1856 546 1938 (cl.
570 1855 687 1920 Aesch.
710 1855 796 1920 Otes.
817 1853 900 1935 137).
943 1853 1059 1940 Itaque
1080 1854 1107 1917 si
1127 1854 1255 1938 respici·

165 1984 235 2026 mus
256 1956 363 2046 μάγον
384 1971 417 2028 et
436 1957 541 2049 γόητα
565 1963 649 2028 idem
671 1963 739 2028 fere
761 1984 840 2046 esse,
862 1956 967 2049 γόητα
982 1971 1087 2026 autem
1104 1960 1257 2046 adpellari

165 2069 342 2154 sophistam
364 2071 418 2152 (cf.
441 2071 535 2136 Dem.
559 2071 608 2154 18,
629 2071 722 2154 276),
752 2071 813 2134 hac
834 2072 905 2156 ipsa
931 2070 1156 2135 observatione
1176 2069 1255 2132 vati-

166 2178 333 2242 cinationis
355 2201 427 2243 cum
448 2179 663 2264 sophistarum
684 2177 798 2242 studiis
829 2201 969 2244 conexus
998 2177 1080 2243 bene
1110 2177 1255 2241 inlustra-

165 2286 279 2369 tur29).

248 2393 298 2456 Ac
318 2404 540 2479 praeterquam
564 2393 649 2480 quod
669 2395 856 2459 vaticinatio
873 2403 1005 2481 propter
1019 2394 1108 2460 illum
1122 2393 1256 2458 abusum

166 2503 363 2586 contemptui
392 2511 477 2582 erat,
509 2501 772 2588 philosophorum
802 2503 914 2568 studiis
946 2504 999 2589 qui
1026 2502 1068 2566 ad
1097 2501 1256 2566 naturales

167 2630 288 2690 causas,
309 2631 373 2673 non
395 2609 436 2673 ad
454 2608 586 2674 deorum
601 2609 800 2675 voluntatem
815 2612 922 2676 omnia
936 2609 1131 2674 revocabant
1145 2618 1256 2673 vatum

166 2717 389 2782 observantiae
403 2717 601 2802 aliquantum
616 2717 823 2783 officiebatur.
866 2717 938 2796 Quo
956 2716 1003 2801 fit,
1024 2726 1060 2782 ut
1075 2716 1255 2802 Euripides,

166 2833 202 2888 ut
239 2833 289 2889 est
325 2825 535 2890 rationalismi
565 2847 660 2911 quem
692 2835 852 2890 nostrates
884 2825 994 2890 dicunt
1024 2835 1255 2910 propugnator,

166 2931 292 2996 disertis
307 2932 412 2997 verbis
428 2934 617 3019 compluries
632 2955 758 2999 omnem
773 2933 868 2998 fidem
884 2956 922 2998 ac
936 2934 1104 2998 veritatem
1120 2932 1255 2996 oraculis

165 3039 343 3122 abiudicet,
381 3062 452 3104 cum
492 3041 667 3106 secundum
698 3041 869 3106 humanam
900 3043 1057 3106 rationem
1089 3040 1158 3104 fieri
1190 3061 1255 3104 non

166 3149 276 3232 possit,
298 3157 335 3213 ut
355 3147 498 3212 homines
521 3171 572 3213 res
593 3149 717 3214 futuras
741 3151 791 3214 vel
806 3148 937 3214 deorum
952 3149 1149 3214 voluntatem
1165 3169 1255 3234 prae-

165 3255 274 3320 dicant
285 3255 336 3338 ³⁰).
386 3255 577 3340 Sophoclem
612 3267 718 3322 autem
752 3278 845 3342 quem
878 3278 1001 3321 summa
1033 3277 1105 3320 oum
1136 3257 1256 3341 pietate

165 3364 321 3427 maiorum
341 3362 439 3427 fidem
462 3363 547 3428 haud
568 3365 753 3448 ignoramus
769 3385 914 3428 servasse
936 3385 973 3428 eo
987 3365 1090 3447 magis
1104 3365 1257 3442 miramur

165 3469 288 3534 duobus
302 3470 389 3554 locis,
412 3491 484 3534 cum
505 3479 537 3535 et
552 3471 620 3556 ipse
635 3470 675 3535 de
689 3471 917 3536 vaticinatione
938 3470 1080 3555 proferat
1102 3469 1257 3534 eiusmodi

166 3567 358 3642 sententiam
379 3597 514 3662 eamque
545 3581 622 3642 satis
644 3579 837 3662 generaliter
857 3577 1037 3662 formatam,
1070 3578 1173 3642 videri
1195 3577 1256 3642 sibi

165 3706 231 3748 non
245 3695 399 3750 constare.
437 3683 497 3752 ΟΒ
514 3686 598 3750 enim
613 3707 643 3750 v.
655 3685 716 3750 497
728 3708 799 3772 sqq.
815 3686 945 3751 chorum
961 3685 1082 3750 inducit
1097 3686 1257 3750 dicentem

235 3996 268 4065 ¹⁹)
287 4001 359 4050 luter
377 3999 425 4050 hos
443 4001 657 4068 praestigiatores
681 4018 743 4054 cnm
769 4021 822 4054 non
850 4003 966 4054 doluisse
992 4003 1133 4054 viduantur
1159 4002 1256 4052 ventri-

166 4083 248 4150 loqui,
268 4085 355 4136 obiter
371 4103 487 4138 memoro
506 4087 586 4139 huius
605 4088 644 4138 rei
661 4091 731 4154 apud
749 4089 907 4156 Sophoclem
926 4096 1016 4141 extare
1040 4087 1196 4154 vestigium,
1221 4088 1255 4137 cl.

166 4171 239 4236 capt.
259 4172 290 4220 fr.
301 4174 333 4222 52
353 4173 424 4236 quod
443 4173 594 4224 continetur
607 4175 695 4240 glossa
706 4175 835 4241 Hesychii
846 4173 892 4229 Ἐν
904 4175 1126 4242 οτερνομαντίας
1144 4172 1256 4237 (rectius

166 4272 225 4307 cum
244 4255 380 4307 Dindorfio
399 4259 651 4326 στερνομάντεοιν)
670 4278 675 4310 :
696 4256 944 4328 ἐγγαστριμύθοις.

235 4341 268 4409 ⁸⁰)
287 4344 372 4393 Locos
390 4343 438 4408 qui
455 4344 509 4395 hue
526 4346 639 4396 tendunt
656 4346 789 4411 congessit
807 4345 925 4397 Schenkl
943 4346 960 4396 1.
979 4359 1000 4396 c.
1020 4361 1043 4412 p.
1062 4348 1111 4398 sat
1132 4362 1171 4412 sq.
