3126 5176
654 436 694 502 15

128 638 359 723 perspicuitati,
381 635 632 721 significationes
652 637 722 706 illas
743 638 848 704 elucet
876 638 1037 722 pertinere
1068 659 1133 702 nou
1154 647 1221 703 tam

129 746 171 811 ad
192 745 328 810 abolitas
351 745 503 834 quasdam
524 746 613 830 leges
636 754 668 809 et
690 745 837 808 instituta
856 762 951 829 quam
965 745 1006 809 ad
1021 747 1120 829 ipsius
1136 747 1221 810 vitae

127 875 221 918 usum
243 861 275 918 et
297 855 364 917 eius
394 854 427 916 in
457 874 520 938 qua
549 854 617 938 ipse
646 861 743 937 poeta
772 851 960 916 versabatur
991 863 1023 916 et
1045 855 1133 917 cuius
1155 863 1221 918 tres

127 961 201 1026 illae
223 961 387 1027 hominum
409 961 525 1025 classes
556 982 613 1044 pro
646 982 703 1024 sua
731 981 878 1044 quaeque
899 970 991 1044 parte
1012 970 1104 1025 erant
1124 963 1219 1047 parti·

129 1071 225 1154 cipes.
268 1069 382 1154 Neque
404 1068 578 1157 quidquam
607 1067 715 1132 obstat
745 1069 932 1154 quominus,
964 1069 991 1131 si
1020 1067 1095 1153 quid
1118 1071 1221 1133 minus

129 1187 199 1241 arte
215 1199 286 1240 curn
300 1176 402 1241 tribus
417 1175 478 1240 illis
494 1176 657 1240 hominum
672 1174 853 1260 generibus
864 1174 1026 1239 videbitur
1042 1175 1220 1260 cohaerere,

128 1305 236 1348 rerum
256 1285 301 1349 illi
323 1305 405 1370 quae
427 1294 493 1349 tam
514 1283 650 1368 simplex
673 1285 715 1346 sit
737 1282 886 1346 divisioni
914 1283 983 1347 sine
1004 1283 1068 1347 ulla
1089 1282 1219 1348 difficul-
1282 1309 1285 1314 ·
1350 1296 1353 1304 ’

127 1402 197 1457 tate
217 1391 438 1478 subiungatur.

212 1501 321 1589 Atque
343 1500 383 1564 ad
406 1522 460 1564 eos
483 1497 568 1588 quod
589 1500 706 1564 attinet
735 1501 790 1585 qui
812 1498 852 1564 de
878 1498 939 1564 hac
960 1499 1128 1584 Sophoclis
1149 1522 1219 1586 pro-

128 1611 265 1698 prietate
285 1609 389 1673 adhuc
412 1609 511 1673 verba
525 1609 681 1690 fecemnt‚
704 1610 763 1672 etsi
777 1607 1026 1694 Sophoclcarum
1041 1608 1221 1672 fabularum

128 1716 267 1781 editores
289 1719 408 1802 passim
431 1715 585 1782 eiusmodi
608 1715 858 1800 significationes
889 1715 1098 1800 denotarunt,
1126 1737 1219 1780 nemo

128 1835 236 1891 tamen
277 1825 459 1889 continuam
502 1824 542 1888 de
585 1823 635 1888 his
673 1824 769 1888 rebus
807 1825 974 1888 instituere
1006 1835 1138 1889 conatus
1171 1835 1220 1889 est

128 1933 377 2020 disputationem
398 1933 460 1997 nisi
483 1933 519 1997 C.
542 1931 740 1998 Goeckcr
762 1934 817 2018 qui
838 1954 866 1996 a.
885 1933 964 1998 1866
986 1931 1085 1998 edidit
1106 1932 1219 1997 disser-

127 2043 282 2106 tationem
310 2063 392 2127 quae
420 2041 603 2106 inscribitur
633 2038 827 2126 „Sophocles
857 2040 1016 2125 quomodo
1043 2063 1149 2106 rerum
1171 2043 1219 2105 sui

128 2151 280 2234 temporis
303 2159 422 2213 statum
443 2151 477 2213 in
498 2149 660 2213 heroicam
681 2158 819 2212 aetatem
840 2148 1066 2214 transtulerit.“
1121 2148 1220 2214 Cuius

126 2258 161 2322 in
182 2257 282 2322 altera
303 2266 394 2342 parte
417 2279 480 2344 qua
502 2258 609 2342 agitur
632 2256 691 2342 ,de
710 2256 806 2322 rebus
828 2255 980 2342 publicis“
1004 2279 1045 2320 ex
1072 2258 1109 2320 iis
1139 2279 1220 2342 quae

127 2365 178 2429 his
210 2365 449 2450 quaestionibus
480 2364 558 2430 mihi
593 2374 685 2429 eraut
716 2364 902 2429 subicienda
940 2365 1115 2449 compluria
1146 2375 1220 2428 suut

128 2481 291 2557 congesta.
334 2472 418 2537 Nam
441 2472 565 2536 duobus
588 2472 743 2558 capitibus
767 2493 900 2558 quorum
928 2471 1063 2536 alterum
1093 2471 1152 2556 ,de
1174 2473 1219 2536 rei

126 2580 273 2666 publicae
294 2580 427 2664 forma“,
449 2581 585 2645 alterum
609 2579 667 2666 ,dc
690 2581 735 2644 rei
751 2580 897 2664 publicae
911 2579 1084 2643 institutis“
1108 2581 1218 2643 inscri-

125 2689 213 2758 bitur
234 2689 396 2774 profectus
417 2689 470 2754 ille
491 2687 532 2752 ab
554 2689 697 2766 Homero
719 2688 827 2752 studet
848 2687 1068 2752 demonstrare
1091 2709 1219 2752 suorum

128 2799 307 2884 aequalium
328 2819 432 2862 mores
455 2807 487 2861 ct
501 2798 648 2862 instituta
667 2796 801 2861 heroicis
818 2796 1014 2882 temporibus
1028 2795 1219 2882 Sophoclem

131 2907 255 2992 saepius
277 2905 460 2972 adfluxisse.
505 2906 551 2970 At
572 2907 618 2970 ita
639 2906 716 2970 satis
736 2905 834 2970 habet
848 2907 934 2994 ipsas
949 2906 1032 2970 inter
1042 2905 1219 2970 Homerum
1332 2925 1333 2932 ¹

129 3023 162 3077 et
190 3013 381 3100 Sophoclem
410 3014 640 3100 discrepantias
671 3015 890 3100 proposuisse,
922 3023 957 3077 ut
987 3034 1158 3098 quamnam
1186 3013 1220 3076 in

127 3121 177 3186 his
199 3121 462 3187 translationibus
483 3122 660 3187 inserendis
682 3121 857 3206 Sophocles
886 3131 1038 3207 sequatur
1059 3122 1220 3208 propriam

127 3231 213 3294 viam
242 3251 281 3294 ac
309 3232 464 3295 rationem
491 3252 557 3294 non
588 3231 692 3315 magis
723 3240 811 3294 curet
843 3250 939 3315 quam
970 3229 1125 3316 quatenus
1155 3231 1219 3292 suis

128 3338 228 3423 ipsius
250 3337 289 3403 de
310 3337 405 3404 rebus
428 3338 620 3424 quibusdam
641 3339 807 3403 sententiis
823 3336 1063 3411 humanioribus
1073 3336 1220 3411 ¹videatur

128 3446 160 3508 in
178 3445 294 3510 fabulis
308 3445 483 3532 indulgere.
526 3445 645 3530 Itaque
659 3468 730 3509 cum
745 3467 849 3530 neque
864 3443 1064 3530 Aeschyleae
1085 3445 1219 3508 rationis

128 3575 232 3638 neque
253 3553 455 3638 Euripideae,
487 3552 520 3617 id
553 3552 639 3638 quod
672 3553 776 3617 omitti
804 3574 869 3616 non
900 3552 1017 3617 debere
1045 3553 1121 3616 satis
1141 3551 1219 3616 mihi

127 3660 239 3725 videor
261 3661 505 3745 demonstrasse,
527 3661 624 3725 ullam
638 3660 757 3725 habeat
777 3662 943 3744 rationem,
966 3661 1100 3724 eandem
1115 3659 1219 3723 denuo

127 3791 196 3834 rem
218 3769 352 3855 aggredi
373 3771 503 3834 minime
534 3771 648 3856 opinor
674 3790 946 3854 supervacaneum
976 3777 1033 3832 est.
1084 3765 1219 3832 Accedit

128 3877 214 3962 quod
236 3880 335 3943 multa
356 3900 490 3964 quorum
511 3879 631 3942 mentio
653 3877 723 3941 fieri
744 3876 854 3941 debuit
869 3875 1054 3942 Goeckerus
1076 3883 1218 3939 autnon

128 3987 232 4069 potuit
253 4008 329 4050 suae
351 4007 457 4052 rerum
478 3985 627 4050 divisioni
649 3985 843 4070 subiungere
863 3995 919 4048 aut
934 4005 1062 4068 prorsus
1079 3992 1216 4067 praeter·

127 4094 244 4157 misit:
277 4115 376 4180 quare
405 4093 487 4157 hanc
516 4093 816 4158 commentationem
838 4091 1034 4176 spicilegium
1057 4089 1218 4175 quoddam

128 4202 179 4264 vel
200 4203 348 4288 spicrisin
370 4202 454 4265 haud
476 4203 633 4265 immerito
655 4199 876 4286 adpellaveris.
