3126 5176
645 437 687 506 bb

116 643 212 708 frena
239 643 414 708 iniecisse:
442 641 527 728 quod
557 660 577 706 a
603 659 641 705 ee
673 641 845 726 impetrare
875 635 1056 726 Aeschylus
1081 640 1210 706 videtur

116 753 357 844 nonpotoisoe‚
379 751 548 836 Euripides
569 751 719 815 noluisse.

204 859 272 924 Iam
295 879 372 923 vero
393 859 434 922 ad
454 858 698 923 Atheniensium
719 857 905 922 iudicum
925 867 959 920 et
978 857 1042 921 rei
1062 853 1207 920 iudioi·

115 967 239 1032 ariae
258 967 454 1052 Sophoclem
476 981 674 1032 nanseemuo
695 965 958 1049 signifioationeo.
1001 963 1051 1028 Ao
1070 965 1208 1049 primum

115 1075 249 1161 quidem
263 1073 303 1140 ed
320 1077 511 1142 exteriorem
531 1065 661 1160 ἡλιαίας
682 1074 817 1138 formam
842 1071 927 1158 quod
942 1074 1067 1155 attinet,
1088 1072 1208 1137 iudioeo

116 1195 245 1248 oonrmt
260 1185 431 1270 quotannis
446 1183 612 1248 sortitione
626 1202 696 1247 esee
717 1183 834 1248 eleotoe
851 1203 858 1246 :
882 1182 1080 1245 sortitionem
1099 1190 1207 1245 autem

115 1313 192 1356 eum
202 1303 278 1357 ante
289 1291 461 1357 Olirtbenie
476 1302 621 1377 tempore
636 1291 776 1355 nondum
789 1291 889 1354 fuisse
899 1289 1048 1354 unitatem
1060 1288 1207 1352 omnibus

114 1419 305 1487 persuasum
336 1401 397 1482 uit,
430 1409 464 1464 et
494 1399 603 1464 Inaeb,
632 1399 671 1462 fri
693 1399 749 1462 271
786 1389 1069 1481 κυαμόβσλσν
1100 1396 1208 1460 δικα-

115 1502 227 1593 στὴν
257 1519 289 1572 et
310 1507 462 1592 Meleagr.
484 1507 523 1572 fr.
550 1507 613 1572 eoo
645 1499 793 1592 κυάμῳ
825 1506 993 1590 πατρίῳ
1024 1499 1108 1568 iuoto
1137 1504 1208 1570 iure

115 1611 286 1698 Sophoclis
307 1616 405 1680 aetati
419 1613 578 1678 tribuitur.
621 1613 706 1678 Nam
720 1609 876 1697 Henyobii
890 1613 1061 1698 explicatio
1075 1605 1220 1696 (κυάμῳ

117 1723 270 1807 πατρίῳ·
293 1725 475 1807 Σοφοκλῆς
495 1716 694 1806 Μελεάγρῳ,
717 1712 763 1798 ὡς
788 1723 845 1788 καὶ
871 1725 942 1785 τῶν
962 1717 1128 1786 Αἰτωλῶν
1147 1712 1207 1795 τὰς

118 1819 223 1916 ἀρχὰς
242 1824 494 1914 κυαμευόντων.
525 1824 721 1914 διεκλήρουν
748 1828 785 1894 δὲ
814 1817 917 1905 αι’τὰς
937 1821 1071 1912 κυάμῳ,
1100 1827 1157 1891 καὶ
1186 1817 1205 1892 ὁ

119 1930 182 2002 τὸν
201 1931 324 2002 λευκὸν
342 1930 458 2018 λαβὼν
478 1930 667 2021 ἐλάγχανεν.
696 1925 811 2020 ἀνάγει
831 1935 868 2000 δὲ
888 1928 969 2011 ταὶς
988 1927 1139 2020 χρόνους,
1160 1923 1207 2010 ὡς

119 2045 176 2108 καὶ
196 2043 233 2109 ἐν
254 2033 367 2131 Ἰνάχῳ
387 2038 601 2130 κυαμόβολαν
621 2037 793 2128 δικαστήν)
822 2043 923 2107 multo
944 2041 1140 2128 probabilior
1158 2052 1208 2106 eet

118 2169 214 2237 qnam
245 2153 379 2216 oliorum
412 2151 612 2237 quorundum
645 2151 867 2235 interpretatio
901 2150 1029 2232 longine
1060 2149 1206 2234 repetita,

116 2261 174 2344 qui
195 2260 417 2343 eogitevernnt
446 2258 487 2324 de
515 2256 659 2344 ipsorum·
689 2257 828 2322 iudioum
847 2256 1000 2341 suffragio
1021 2256 1107 2342 quod
1127 2277 1206 2320 non·
1295 2273 1298 2282 ’

114 2387 281 2452 nunqnam
303 2367 388 2432 labie
409 2367 509 2432 latum
531 2387 601 2431 esee
624 2369 769 2452 quemvis
793 2369 916 2431 ineerta
935 2367 1089 2430 memoria
1109 2364 1206 2428 badi-

114 2485 179 2538 tur.
233 2469 338 2559 Magio
376 2485 462 2540 oerte
495 2476 647 2539 unitatum
675 2475 775 2540 fuine
796 2471 878 2539 ,illud
905 2473 1091 2554 suffragium
1119 2471 1207 2558 quod

114 2582 282 2648 ferebatur
303 2583 431 2648 oaloulio
453 2599 546 2648 nemo
567 2582 709 2666 negabit.
758 2581 850 2660 Quae
877 2579 1072 2645 consuetudo
1100 2601 1120 2643 a
1146 2580 1205 2646 So-

115 2690 231 2776 phocle
262 2691 422 2756 nonnullis
453 2691 532 2754 loeis
561 2692 595 2754 in
627 2690 755 2755 heroice
786 2699 930 2776 tempora
961 2698 1010 2753 eet
1041 2687 1205 2752 translato.

114 2796 551 2884 mfflfflmfflm

777 2894 841 2982 οὖν
860 2896 903 2970 ἄν
921 2927 1007 2970 ποτε

267 3013 361 3099 δίκην
381 3014 455 3078 κατ’
476 3004 581 3078 ἄλλον
601 3006 717 3094 φωτὸς
737 2998 796 3078 oid
818 3006 1064 3098 ἐψήφισανε

114 3121 153 3183 in
174 3141 254 3204 quae
276 3122 304 3184 si
332 3119 517 3205 diligentiun
549 3123 754 3206 inquirimus,
784 3122 907 3186 duabus
935 3119 1112 3184 rationibus
1133 3142 1204 3206 pos·

114 3237 193 3292 sunt
214 3230 374 3314 explicari.
417 3229 561 3308 Quarum
581 3231 684 3294 altera
705 3251 742 3294 eo
763 3240 898 3316 spectat,
918 3239 955 3294 ut
975 3223 1143 3314 ίῳήφισαν
1163 3229 1206 3292 sit

114 3353 176 3420 pro
197 3328 418 3420 ἐπεψήφισαν,
439 3338 486 3400 ita
506 3346 543 3400 ut
563 3336 698 3401 Atridae
719 3327 879 3421 ἡγεμόνες
905 3340 969 3402 τοῦ
996 3336 1207 3421 δικαστηρίοιν

115 3463 188 3506 esee
209 3442 377 3507 videantur
397 3445 452 3528 qui
473 3444 593 3508 indices
615 3445 648 3507 in
668 3443 857 3528 suffragium
877 3444 1009 3508 mittunt
1022 3467 1031 3508 :
1045 3443 1147 3508 ultera
1160 3443 1206 3506 ita

116 3561 303 3634 comparata
323 3563 384 3634 eat,
404 3563 441 3616 nt
462 3553 699 3637 praepositione
711 3546 798 3617 κατὰ
819 3573 877 3637 por
891 3552 1006 3616 tmeoin
1020 3572 1093 3615 eum
1106 3550 1205 3614 verbo

116 3650 286 3742 ἑψήῳισαν
307 3660 476 3722 eoniunota
499 3661 638 3722 activum
660 3653 894 3744 xaueprjpuoav
914 3660 1053 3744 positum
1085 3660 1127 3722 eit
1147 3679 1205 3743 pro

116 3763 222 3828 medio
251 3769 540 3852 κατεψηφίσαντο,
578 3768 624 3830 ita
652 3777 688 3832 ut
718 3767 853 3831 Atridae
879 3768 940 3852 ipsi
968 3765 1107 3830 iudicum
1134 3767 1205 3829 looe
1283 3815 1286 3822 .

116 3871 192 3935 oint.
234 3871 377 3952 Quarum
400 3874 647 3959 explicationem
669 3895 741 3937 eum
762 3884 877 3938 neutra
896 3874 938 3938 ad
959 3876 1060 3958 ipsam
1078 3882 1205 3938 oenten-

118 3978 197 4042 tiam
220 3977 393 4066 quidquem
413 3982 529 4064 valeat,
551 3982 637 4047 illem
659 3991 766 4046 tamen
788 3981 934 4066 equidem
955 3981 1112 4067 praefero,
1133 4001 1206 4045 oum

116 4109 183 4152 non
203 4087 328 4152 laboret
357 4088 584 4154 offensionibus
612 4087 801 4174 quibusdam
833 4088 948 4173 quibus
978 4089 1057 4154 bueo
1078 4099 1127 4152 eat
1148 4090 1204 4152 im·

118 4195 244 4279 plicata.
286 4197 371 4261 Nem
393 4199 529 4282 primum
561 4199 643 4262 mira
662 4197 779 4260 locutio
801 4197 895 4282 δίκην
913 4199 1206 4282 καταψηφίζεσθαι

118 4323 181 4366 uno
204 4304 350 4389 exemplo
372 4305 469 4387 (Plat.
493 4303 595 4388 Gorg.
618 4305 681 4369 oto
702 4305 744 4388 ld)
766 4325 831 4368 non
852 4307 930 4368 ratio
952 4305 1122 4390 probatum
1151 4303 1204 4368 de·
