<?xml version="1.0" encoding="UTF-8"?>
<!DOCTYPE html PUBLIC "-//W3C//DTD XHTML 1.0 Transitional//EN"
    "http://www.w3.org/TR/xhtml1/DTD/xhtml1-transitional.dtd">
<html xmlns="http://www.w3.org/1999/xhtml" xml:lang="en" lang="en">
 <head>
  <title>
</title>
<meta http-equiv="Content-Type" content="text/html;charset=utf-8" />
  <meta name='ocr-system' content='tesseract 3.04.00' />
  <meta name='ocr-capabilities' content='ocr_page ocr_carea ocr_par ocr_line ocrx_word'/>
</head>
<body>
  <div class='ocr_page' id='page_1' title='image "./sophoclesquemad00beckgoog_0011.png"; bbox 0 0 3126 5176; ppageno 0'>
   <div class='ocr_carea' id='block_1_1' title="bbox 874 453 895 524">
    <p class='ocr_par' dir='ltr' id='par_1_1' title="bbox 874 453 895 524">
     <span class='ocr_line' id='line_1_1' title="bbox 874 453 895 524; baseline 0 0"><span class='ocrx_word' id='word_1_1' title='bbox 874 453 895 524; x_wconf 81' lang='lat'>4</span> 
     </span>
    </p>
   </div>
   <div class='ocr_carea' id='block_1_2' title="bbox 285 660 1428 3880">
    <p class='ocr_par' dir='ltr' id='par_1_2' title="bbox 335 660 1428 2154">
     <span class='ocr_line' id='line_1_2' title="bbox 336 660 1428 748; baseline 0.002 -20"><span class='ocrx_word' id='word_1_2' title='bbox 336 671 479 748; x_wconf 88' lang='lat' dir='ltr'>aptasset</span> <span class='ocrx_word' id='word_1_3' title='bbox 499 671 564 746; x_wconf 91' lang='lat' dir='ltr'>aut,</span> <span class='ocrx_word' id='word_1_4' title='bbox 587 660 620 726; x_wconf 93' lang='lat' dir='ltr'>id</span> <span class='ocrx_word' id='word_1_5' title='bbox 642 660 728 748; x_wconf 92' lang='lat' dir='ltr'>quod</span> <span class='ocrx_word' id='word_1_6' title='bbox 749 663 877 726; x_wconf 89' lang='lat' dir='ltr'>maioris</span> <span class='ocrx_word' id='word_1_7' title='bbox 899 671 947 726; x_wconf 89' lang='lat' dir='ltr'>est</span> <span class='ocrx_word' id='word_1_8' title='bbox 969 663 1140 746; x_wconf 87' lang='lat' dir='ltr'><strong>momenti,</strong></span> <span class='ocrx_word' id='word_1_9' title='bbox 1173 683 1254 748; x_wconf 88' lang='lat' dir='ltr'>quae</span> <span class='ocrx_word' id='word_1_10' title='bbox 1275 664 1428 730; x_wconf 78' lang='lat' dir='ltr'>alieniora</span> 
     </span>
     <span class='ocr_line' id='line_1_3' title="bbox 337 770 1427 854; baseline 0.001 -18"><span class='ocrx_word' id='word_1_11' title='bbox 337 793 407 836; x_wconf 90' lang='lat' dir='ltr'>esse</span> <span class='ocrx_word' id='word_1_12' title='bbox 427 770 621 836; x_wconf 84' lang='lat' dir='ltr'>videbantur</span> <span class='ocrx_word' id='word_1_13' title='bbox 641 792 660 834; x_wconf 88' lang='lat' dir='ltr'>a</span> <span class='ocrx_word' id='word_1_14' title='bbox 684 770 800 833; x_wconf 87' lang='lat' dir='ltr'>civium</span> <span class='ocrx_word' id='word_1_15' title='bbox 829 791 958 835; x_wconf 90' lang='lat' dir='ltr'>suorum</span> <span class='ocrx_word' id='word_1_16' title='bbox 987 771 1225 854; x_wconf 81' lang='lat' dir='ltr'>intellegentia,</span> <span class='ocrx_word' id='word_1_17' title='bbox 1255 772 1288 835; x_wconf 95' lang='lat' dir='ltr'>in</span> <span class='ocrx_word' id='word_1_18' title='bbox 1318 794 1427 837; x_wconf 92' lang='lat' dir='ltr'>eorum</span> 
     </span>
     <span class='ocr_line' id='line_1_4' title="bbox 335 878 1427 966; baseline 0.002 -24"><span class='ocrx_word' id='word_1_19' title='bbox 335 881 438 945; x_wconf 88' lang='lat' dir='ltr'>vicem</span> <span class='ocrx_word' id='word_1_20' title='bbox 461 880 588 944; x_wconf 90' lang='lat' dir='ltr'>Atticos</span> <span class='ocrx_word' id='word_1_21' title='bbox 609 878 826 943; x_wconf 77' lang='lat' dir='ltr'>substituisset</span> <span class='ocrx_word' id='word_1_22' title='bbox 848 887 880 942; x_wconf 93' lang='lat' dir='ltr'>et</span> <span class='ocrx_word' id='word_1_23' title='bbox 901 899 1005 942; x_wconf 87' lang='lat' dir='ltr'>mores</span> <span class='ocrx_word' id='word_1_24' title='bbox 1036 887 1067 942; x_wconf 88' lang='lat' dir='ltr'>et</span> <span class='ocrx_word' id='word_1_25' title='bbox 1098 900 1269 944; x_wconf 85' lang='lat' dir='ltr'>sermones.</span> <span class='ocrx_word' id='word_1_26' title='bbox 1318 881 1427 966; x_wconf 85' lang='lat' dir='ltr'>Atque</span> 
     </span>
     <span class='ocr_line' id='line_1_5' title="bbox 335 985 1424 1073; baseline 0.001 -21"><span class='ocrx_word' id='word_1_27' title='bbox 335 997 372 1052; x_wconf 90' lang='lat' dir='ltr'>ut</span> <span class='ocrx_word' id='word_1_28' title='bbox 392 990 532 1073; x_wconf 87' lang='lat' dir='ltr'>ipsarum</span> <span class='ocrx_word' id='word_1_29' title='bbox 553 1009 660 1052; x_wconf 89' lang='lat' dir='ltr'>rerum</span> <span class='ocrx_word' id='word_1_30' title='bbox 682 1008 761 1072; x_wconf 88' lang='lat' dir='ltr'>quas</span> <span class='ocrx_word' id='word_1_31' title='bbox 785 1007 881 1072; x_wconf 90' lang='lat' dir='ltr'>quam</span> <span class='ocrx_word' id='word_1_32' title='bbox 903 985 1120 1051; x_wconf 80' lang='lat' dir='ltr'>efficacissime</span> <span class='ocrx_word' id='word_1_33' title='bbox 1141 986 1289 1072; x_wconf 87' lang='lat' dir='ltr'>cupiebat</span> <span class='ocrx_word' id='word_1_34' title='bbox 1310 989 1424 1054; x_wconf 87' lang='lat' dir='ltr'>civium</span> 
     </span>
     <span class='ocr_line' id='line_1_6' title="bbox 336 1094 1426 1179; baseline 0 -18"><span class='ocrx_word' id='word_1_35' title='bbox 336 1097 450 1162; x_wconf 90' lang='lat' dir='ltr'>animis</span> <span class='ocrx_word' id='word_1_36' title='bbox 472 1095 633 1160; x_wconf 90' lang='lat' dir='ltr'>inculcare</span> <span class='ocrx_word' id='word_1_37' title='bbox 653 1095 821 1179; x_wconf 88' lang='lat' dir='ltr'>gravitatis</span> <span class='ocrx_word' id='word_1_38' title='bbox 844 1094 905 1159; x_wconf 92' lang='lat' dir='ltr'>sibi</span> <span class='ocrx_word' id='word_1_39' title='bbox 935 1103 1004 1158; x_wconf 89' lang='lat' dir='ltr'>erat</span> <span class='ocrx_word' id='word_1_40' title='bbox 1033 1095 1193 1178; x_wconf 89' lang='lat' dir='ltr'>conscius,</span> <span class='ocrx_word' id='word_1_41' title='bbox 1224 1096 1270 1160; x_wconf 88' lang='lat' dir='ltr'>ita</span> <span class='ocrx_word' id='word_1_42' title='bbox 1297 1097 1426 1161; x_wconf 90' lang='lat' dir='ltr'>minime</span> 
     </span>
     <span class='ocr_line' id='line_1_7' title="bbox 336 1201 1427 1288; baseline 0 -19"><span class='ocrx_word' id='word_1_43' title='bbox 336 1213 505 1269; x_wconf 90' lang='lat' dir='ltr'>contentus</span> <span class='ocrx_word' id='word_1_44' title='bbox 528 1205 647 1288; x_wconf 86' lang='lat' dir='ltr'>passim</span> <span class='ocrx_word' id='word_1_45' title='bbox 668 1224 745 1268; x_wconf 89' lang='lat' dir='ltr'>suae</span> <span class='ocrx_word' id='word_1_46' title='bbox 766 1204 881 1267; x_wconf 88' lang='lat' dir='ltr'>aetatis</span> <span class='ocrx_word' id='word_1_47' title='bbox 902 1224 1007 1267; x_wconf 92' lang='lat' dir='ltr'>mores</span> <span class='ocrx_word' id='word_1_48' title='bbox 1036 1201 1176 1268; x_wconf 88' lang='lat' dir='ltr'>breviter</span> <span class='ocrx_word' id='word_1_49' title='bbox 1202 1205 1427 1288; x_wconf 87' lang='lat' dir='ltr'>perstrinxisse</span> 
     </span>
     <span class='ocr_line' id='line_1_8' title="bbox 335 1312 1427 1397; baseline 0 -21"><span class='ocrx_word' id='word_1_50' title='bbox 335 1332 565 1397; x_wconf 90' lang='lat' dir='ltr'>nonnunquam</span> <span class='ocrx_word' id='word_1_51' title='bbox 587 1333 624 1376; x_wconf 93' lang='lat' dir='ltr'>eo</span> <span class='ocrx_word' id='word_1_52' title='bbox 646 1312 810 1396; x_wconf 90' lang='lat' dir='ltr'>prooessit,</span> <span class='ocrx_word' id='word_1_53' title='bbox 832 1321 877 1394; x_wconf 90' lang='lat' dir='ltr'>ut,</span> <span class='ocrx_word' id='word_1_54' title='bbox 909 1333 980 1375; x_wconf 90' lang='lat' dir='ltr'>cum</span> <span class='ocrx_word' id='word_1_55' title='bbox 1003 1313 1138 1396; x_wconf 82' lang='lat' dir='ltr'>copiosis</span> <span class='ocrx_word' id='word_1_56' title='bbox 1160 1312 1356 1376; x_wconf 88' lang='lat' dir='ltr'>orationibus</span> <span class='ocrx_word' id='word_1_57' title='bbox 1378 1314 1427 1377; x_wconf 90' lang='lat' dir='ltr'>sui</span> 
     </span>
     <span class='ocr_line' id='line_1_9' title="bbox 336 1420 1427 1506; baseline -0.001 -21"><span class='ocrx_word' id='word_1_58' title='bbox 336 1421 453 1485; x_wconf 89' lang='lat' dir='ltr'>saeculi</span> <span class='ocrx_word' id='word_1_59' title='bbox 475 1441 605 1505; x_wconf 89' lang='lat' dir='ltr'>prorsus</span> <span class='ocrx_word' id='word_1_60' title='bbox 626 1421 758 1484; x_wconf 91' lang='lat' dir='ltr'>iniceret</span> <span class='ocrx_word' id='word_1_61' title='bbox 778 1421 960 1504; x_wconf 85' lang='lat' dir='ltr'>ingenium,</span> <span class='ocrx_word' id='word_1_62' title='bbox 992 1441 1176 1504; x_wconf 88' lang='lat' dir='ltr'>expressam</span> <span class='ocrx_word' id='word_1_63' title='bbox 1203 1420 1372 1506; x_wconf 83' lang='lat' dir='ltr'>praeberet</span> <span class='ocrx_word' id='word_1_64' title='bbox 1394 1430 1427 1486; x_wconf 91' lang='lat' dir='ltr'>et</span> 
     </span>
     <span class='ocr_line' id='line_1_10' title="bbox 336 1528 1426 1614; baseline 0 -22"><span class='ocrx_word' id='word_1_65' title='bbox 336 1529 521 1592; x_wconf 90' lang='lat' dir='ltr'>continuam</span> <span class='ocrx_word' id='word_1_66' title='bbox 541 1529 627 1592; x_wconf 89' lang='lat' dir='ltr'>vitae</span> <span class='ocrx_word' id='word_1_67' title='bbox 648 1529 778 1593; x_wconf 90' lang='lat' dir='ltr'>Atticae</span> <span class='ocrx_word' id='word_1_68' title='bbox 798 1529 981 1613; x_wconf 87' lang='lat' dir='ltr'>imaginem.</span> <span class='ocrx_word' id='word_1_69' title='bbox 1031 1528 1070 1592; x_wconf 93' lang='lat' dir='ltr'>In</span> <span class='ocrx_word' id='word_1_70' title='bbox 1090 1528 1151 1593; x_wconf 89' lang='lat' dir='ltr'>hac</span> <span class='ocrx_word' id='word_1_71' title='bbox 1172 1538 1278 1593; x_wconf 90' lang='lat' dir='ltr'>autem</span> <span class='ocrx_word' id='word_1_72' title='bbox 1301 1530 1371 1614; x_wconf 92' lang='lat' dir='ltr'>ipsa</span> <span class='ocrx_word' id='word_1_73' title='bbox 1391 1551 1426 1593; x_wconf 90' lang='lat' dir='ltr'>re</span> 
     </span>
     <span class='ocr_line' id='line_1_11' title="bbox 335 1630 1426 1722; baseline 0 -22"><span class='ocrx_word' id='word_1_74' title='bbox 335 1639 401 1700; x_wconf 83' lang='lat' dir='ltr'>vim</span> <span class='ocrx_word' id='word_1_75' title='bbox 433 1637 519 1700; x_wconf 91' lang='lat' dir='ltr'>illam</span> <span class='ocrx_word' id='word_1_76' title='bbox 553 1646 584 1700; x_wconf 90' lang='lat' dir='ltr'>et</span> <span class='ocrx_word' id='word_1_77' title='bbox 616 1636 830 1720; x_wconf 88' lang='lat' dir='ltr'>granditatem</span> <span class='ocrx_word' id='word_1_78' title='bbox 863 1630 1078 1722; x_wconf 83' lang='grc' dir='ltr'><strong><em>(σεμνότητα)</em></strong></span> <span class='ocrx_word' id='word_1_79' title='bbox 1117 1657 1181 1722; x_wconf 92' lang='lat' dir='ltr'>qua</span> <span class='ocrx_word' id='word_1_80' title='bbox 1212 1636 1426 1721; x_wconf 91' lang='lat' dir='ltr'>Aeschyleum</span> 
     </span>
     <span class='ocr_line' id='line_1_12' title="bbox 336 1745 1426 1830; baseline 0 -22"><span class='ocrx_word' id='word_1_81' title='bbox 336 1766 515 1809; x_wconf 88' lang='lat' dir='ltr'>sermonem</span> <span class='ocrx_word' id='word_1_82' title='bbox 544 1745 622 1808; x_wconf 90' lang='lat' dir='ltr'>satis</span> <span class='ocrx_word' id='word_1_83' title='bbox 650 1753 777 1808; x_wconf 90' lang='lat' dir='ltr'>constat</span> <span class='ocrx_word' id='word_1_84' title='bbox 805 1766 875 1809; x_wconf 89' lang='lat' dir='ltr'>esse</span> <span class='ocrx_word' id='word_1_85' title='bbox 903 1745 1063 1828; x_wconf 92' lang='lat' dir='ltr'>insignem</span> <span class='ocrx_word' id='word_1_86' title='bbox 1072 1745 1099 1828; x_wconf 76' lang='lat'>²)</span> <span class='ocrx_word' id='word_1_87' title='bbox 1130 1745 1237 1830; x_wconf 88' lang='lat' dir='ltr'>aliqua</span> <span class='ocrx_word' id='word_1_88' title='bbox 1266 1766 1306 1809; x_wconf 89' lang='lat' dir='ltr'>cx</span> <span class='ocrx_word' id='word_1_89' title='bbox 1335 1753 1426 1830; x_wconf 91' lang='lat' dir='ltr'>parte</span> 
     </span>
     <span class='ocr_line' id='line_1_13' title="bbox 336 1851 1426 1938; baseline 0 -22"><span class='ocrx_word' id='word_1_90' title='bbox 336 1851 462 1917; x_wconf 90' lang='lat' dir='ltr'>videtur</span> <span class='ocrx_word' id='word_1_91' title='bbox 484 1853 687 1916; x_wconf 82' lang='lat' dir='ltr'>consistere:</span> <span class='ocrx_word' id='word_1_92' title='bbox 717 1873 792 1916; x_wconf 89' lang='lat' dir='ltr'>nam</span> <span class='ocrx_word' id='word_1_93' title='bbox 814 1872 895 1936; x_wconf 85' lang='lat' dir='ltr'>quae</span> <span class='ocrx_word' id='word_1_94' title='bbox 923 1875 964 1916; x_wconf 88' lang='lat' dir='ltr'>ex</span> <span class='ocrx_word' id='word_1_95' title='bbox 993 1853 1134 1936; x_wconf 89' lang='lat' dir='ltr'>ipsorum</span> <span class='ocrx_word' id='word_1_96' title='bbox 1161 1854 1228 1916; x_wconf 88' lang='lat' dir='ltr'>vita</span> <span class='ocrx_word' id='word_1_97' title='bbox 1256 1874 1426 1938; x_wconf 87' lang='lat' dir='ltr'>rerumque</span> 
     </span>
     <span class='ocr_line' id='line_1_14' title="bbox 337 1961 1425 2046; baseline 0 -22"><span class='ocrx_word' id='word_1_98' title='bbox 337 1961 606 2046; x_wconf 85' lang='lat' dir='ltr'>contemplatione</span> <span class='ocrx_word' id='word_1_99' title='bbox 628 1971 719 2025; x_wconf 89' lang='lat' dir='ltr'>erant</span> <span class='ocrx_word' id='word_1_100' title='bbox 739 1961 887 2044; x_wconf 88' lang='lat' dir='ltr'>repetita,</span> <span class='ocrx_word' id='word_1_101' title='bbox 910 1981 975 2024; x_wconf 91' lang='lat' dir='ltr'>non</span> <span class='ocrx_word' id='word_1_102' title='bbox 996 1962 1101 2024; x_wconf 89' lang='lat' dir='ltr'>minus</span> <span class='ocrx_word' id='word_1_103' title='bbox 1124 1961 1309 2046; x_wconf 88' lang='lat' dir='ltr'>simpliciter</span> <span class='ocrx_word' id='word_1_104' title='bbox 1330 1981 1425 2045; x_wconf 87' lang='lat' dir='ltr'>quam</span> 
     </span>
     <span class='ocr_line' id='line_1_15' title="bbox 336 2068 1424 2154; baseline 0.002 -22"><span class='ocrx_word' id='word_1_105' title='bbox 336 2069 521 2154; x_wconf 88' lang='lat' dir='ltr'>eloquenter</span> <span class='ocrx_word' id='word_1_106' title='bbox 544 2068 666 2132; x_wconf 90' lang='lat' dir='ltr'>civibus</span> <span class='ocrx_word' id='word_1_107' title='bbox 688 2078 837 2153; x_wconf 89' lang='lat' dir='ltr'>poterant</span> <span class='ocrx_word' id='word_1_108' title='bbox 858 2069 926 2132; x_wconf 89' lang='lat' dir='ltr'>sive</span> <span class='ocrx_word' id='word_1_109' title='bbox 956 2070 1121 2153; x_wconf 90' lang='lat' dir='ltr'>explanari</span> <span class='ocrx_word' id='word_1_110' title='bbox 1141 2069 1209 2134; x_wconf 88' lang='lat' dir='ltr'>sive</span> <span class='ocrx_word' id='word_1_111' title='bbox 1231 2068 1424 2153; x_wconf 86' lang='lat' dir='ltr'>persuaderi.</span> 
     </span>
    </p>

    <p class='ocr_par' dir='ltr' id='par_1_3' title="bbox 285 2174 1425 3880">
     <span class='ocr_line' id='line_1_16' title="bbox 420 2174 1425 2262; baseline -0.001 -21"><span class='ocrx_word' id='word_1_112' title='bbox 420 2175 517 2241; x_wconf 80' lang='lat' dir='ltr'>Cuius</span> <span class='ocrx_word' id='word_1_113' title='bbox 538 2178 616 2240; x_wconf 88' lang='lat' dir='ltr'>artis</span> <span class='ocrx_word' id='word_1_114' title='bbox 638 2175 838 2260; x_wconf 90' lang='lat' dir='ltr'>Aeschylcae</span> <span class='ocrx_word' id='word_1_115' title='bbox 859 2177 1063 2262; x_wconf 89' lang='lat' dir='ltr'>proprietatis</span> <span class='ocrx_word' id='word_1_116' title='bbox 1086 2199 1149 2262; x_wconf 94' lang='lat' dir='ltr'>qua</span> <span class='ocrx_word' id='word_1_117' title='bbox 1170 2185 1225 2240; x_wconf 89' lang='lat' dir='ltr'>aut</span> <span class='ocrx_word' id='word_1_118' title='bbox 1257 2174 1298 2239; x_wconf 90' lang='lat' dir='ltr'>ad</span> <span class='ocrx_word' id='word_1_119' title='bbox 1324 2174 1425 2240; x_wconf 89' lang='lat' dir='ltr'>heroi·</span> 
     </span>
     <span class='ocr_line' id='line_1_17' title="bbox 337 2283 1424 2369; baseline -0.001 -21"><span class='ocrx_word' id='word_1_120' title='bbox 337 2305 444 2348; x_wconf 89' lang='lat' dir='ltr'>corum</span> <span class='ocrx_word' id='word_1_121' title='bbox 466 2294 645 2369; x_wconf 91' lang='lat' dir='ltr'>temporum</span> <span class='ocrx_word' id='word_1_122' title='bbox 672 2293 791 2349; x_wconf 88' lang='lat' dir='ltr'>statum</span> <span class='ocrx_word' id='word_1_123' title='bbox 824 2293 1042 2368; x_wconf 69' lang='lat' dir='ltr'>spectatorumv</span> <span class='ocrx_word' id='word_1_124' title='bbox 1070 2285 1183 2348; x_wconf 88' lang='lat' dir='ltr'>animis</span> <span class='ocrx_word' id='word_1_125' title='bbox 1217 2283 1340 2347; x_wconf 87' lang='lat' dir='ltr'>facilius</span> <span class='ocrx_word' id='word_1_126' title='bbox 1368 2285 1424 2347; x_wconf 90' lang='lat' dir='ltr'>im-</span> 
     </span>
     <span class='ocr_line' id='line_1_18' title="bbox 335 2391 1424 2476; baseline 0.001 -21"><span class='ocrx_word' id='word_1_127' title='bbox 335 2391 536 2476; x_wconf 87' lang='lat' dir='ltr'>primendum</span> <span class='ocrx_word' id='word_1_128' title='bbox 558 2391 674 2456; x_wconf 91' lang='lat' dir='ltr'>autad</span> <span class='ocrx_word' id='word_1_129' title='bbox 697 2394 812 2456; x_wconf 90' lang='lat' dir='ltr'>civium</span> <span class='ocrx_word' id='word_1_130' title='bbox 843 2415 948 2456; x_wconf 91' lang='lat' dir='ltr'>mores</span> <span class='ocrx_word' id='word_1_131' title='bbox 977 2391 1183 2474; x_wconf 89' lang='lat' dir='ltr'>corrigendos</span> <span class='ocrx_word' id='word_1_132' title='bbox 1213 2399 1289 2456; x_wconf 87' lang='lat' dir='ltr'>suae</span> <span class='ocrx_word' id='word_1_133' title='bbox 1310 2394 1424 2456; x_wconf 90' lang='lat' dir='ltr'>aetatis</span> 
     </span>
     <span class='ocr_line' id='line_1_19' title="bbox 334 2499 1425 2586; baseline 0 -23"><span class='ocrx_word' id='word_1_134' title='bbox 334 2521 439 2564; x_wconf 86' lang='lat' dir='ltr'>mores</span> <span class='ocrx_word' id='word_1_135' title='bbox 462 2509 492 2564; x_wconf 90' lang='lat' dir='ltr'>et</span> <span class='ocrx_word' id='word_1_136' title='bbox 515 2501 662 2565; x_wconf 86' lang='lat' dir='ltr'>instituta</span> <span class='ocrx_word' id='word_1_137' title='bbox 680 2522 910 2586; x_wconf 92' lang='lat' dir='ltr'>nonnunquam</span> <span class='ocrx_word' id='word_1_138' title='bbox 924 2501 957 2564; x_wconf 93' lang='lat' dir='ltr'>in</span> <span class='ocrx_word' id='word_1_139' title='bbox 972 2499 1088 2565; x_wconf 87' lang='lat' dir='ltr'>fabulis</span> <span class='ocrx_word' id='word_1_140' title='bbox 1103 2501 1246 2565; x_wconf 88' lang='lat' dir='ltr'>imitatus</span> <span class='ocrx_word' id='word_1_141' title='bbox 1262 2510 1319 2584; x_wconf 91' lang='lat' dir='ltr'>est,</span> <span class='ocrx_word' id='word_1_142' title='bbox 1341 2499 1425 2564; x_wconf 90' lang='lat' dir='ltr'>infra</span> 
     </span>
     <span class='ocr_line' id='line_1_20' title="bbox 335 2606 1425 2693; baseline 0.001 -23"><span class='ocrx_word' id='word_1_143' title='bbox 335 2606 410 2672; x_wconf 88' lang='lat' dir='ltr'>data</span> <span class='ocrx_word' id='word_1_144' title='bbox 432 2609 598 2672; x_wconf 85' lang='lat' dir='ltr'>occasione</span> <span class='ocrx_word' id='word_1_145' title='bbox 625 2609 777 2673; x_wconf 91' lang='lat' dir='ltr'>nonnulla</span> <span class='ocrx_word' id='word_1_146' title='bbox 805 2608 991 2674; x_wconf 81' lang='lat' dir='ltr'>adferantur</span> <span class='ocrx_word' id='word_1_147' title='bbox 1021 2609 1196 2693; x_wconf 89' lang='lat' dir='ltr'>exempla:</span> <span class='ocrx_word' id='word_1_148' title='bbox 1225 2607 1286 2672; x_wconf 90' lang='lat' dir='ltr'>hoo</span> <span class='ocrx_word' id='word_1_149' title='bbox 1317 2617 1425 2672; x_wconf 89' lang='lat' dir='ltr'>tamen</span> 
     </span>
     <span class='ocr_line' id='line_1_21' title="bbox 334 2715 1423 2802; baseline -0.001 -23"><span class='ocrx_word' id='word_1_150' title='bbox 334 2715 404 2779; x_wconf 93' lang='lat' dir='ltr'>loco</span> <span class='ocrx_word' id='word_1_151' title='bbox 425 2717 518 2780; x_wconf 93' lang='lat' dir='ltr'>unius</span> <span class='ocrx_word' id='word_1_152' title='bbox 539 2717 586 2780; x_wconf 90' lang='lat' dir='ltr'>rei</span> <span class='ocrx_word' id='word_1_153' title='bbox 606 2719 727 2781; x_wconf 92' lang='lat' dir='ltr'>mentio</span> <span class='ocrx_word' id='word_1_154' title='bbox 748 2716 826 2781; x_wconf 92' lang='lat' dir='ltr'>mihi</span> <span class='ocrx_word' id='word_1_155' title='bbox 847 2727 896 2782; x_wconf 90' lang='lat' dir='ltr'>est</span> <span class='ocrx_word' id='word_1_156' title='bbox 918 2717 1083 2800; x_wconf 89' lang='lat' dir='ltr'>facienda,</span> <span class='ocrx_word' id='word_1_157' title='bbox 1112 2738 1194 2802; x_wconf 90' lang='lat' dir='ltr'>quae</span> <span class='ocrx_word' id='word_1_158' title='bbox 1217 2716 1257 2780; x_wconf 93' lang='lat' dir='ltr'>ad</span> <span class='ocrx_word' id='word_1_159' title='bbox 1280 2715 1423 2800; x_wconf 91' lang='lat' dir='ltr'>Aeschy-</span> 
     </span>
     <span class='ocr_line' id='line_1_22' title="bbox 333 2822 1425 2908; baseline 0.002 -22"><span class='ocrx_word' id='word_1_160' title='bbox 333 2822 415 2886; x_wconf 92' lang='lat' dir='ltr'>leam</span> <span class='ocrx_word' id='word_1_161' title='bbox 437 2832 539 2888; x_wconf 87' lang='lat' dir='ltr'>artem</span> <span class='ocrx_word' id='word_1_162' title='bbox 562 2825 817 2908; x_wconf 89' lang='lat' dir='ltr'>cognoscendam</span> <span class='ocrx_word' id='word_1_163' title='bbox 837 2847 903 2889; x_wconf 94' lang='lat' dir='ltr'>non</span> <span class='ocrx_word' id='word_1_164' title='bbox 924 2824 1005 2889; x_wconf 92' lang='lat' dir='ltr'>nihil</span> <span class='ocrx_word' id='word_1_165' title='bbox 1033 2825 1160 2890; x_wconf 87' lang='lat' dir='ltr'>videtur</span> <span class='ocrx_word' id='word_1_166' title='bbox 1180 2825 1296 2890; x_wconf 88' lang='lat' dir='ltr'>valere.</span> <span class='ocrx_word' id='word_1_167' title='bbox 1339 2823 1425 2889; x_wconf 88' lang='lat' dir='ltr'>Nam</span> 
     </span>
     <span class='ocr_line' id='line_1_23' title="bbox 333 2930 1425 3017; baseline 0.001 -24"><span class='ocrx_word' id='word_1_168' title='bbox 333 2939 462 3014; x_wconf 89' lang='lat' dir='ltr'>praeter</span> <span class='ocrx_word' id='word_1_169' title='bbox 497 2953 550 2996; x_wconf 90' lang='lat' dir='ltr'>eas</span> <span class='ocrx_word' id='word_1_170' title='bbox 586 2953 665 3016; x_wconf 91' lang='lat' dir='ltr'>quas</span> <span class='ocrx_word' id='word_1_171' title='bbox 707 2931 801 2996; x_wconf 92' lang='lat' dir='ltr'>modo</span> <span class='ocrx_word' id='word_1_172' title='bbox 844 2931 1034 2996; x_wconf 88' lang='lat' dir='ltr'>adumbravi</span> <span class='ocrx_word' id='word_1_173' title='bbox 1076 2933 1300 2997; x_wconf 86' lang='lat' dir='ltr'>translationes</span> <span class='ocrx_word' id='word_1_174' title='bbox 1342 2930 1425 3017; x_wconf 93' lang='lat' dir='ltr'>apud</span> 
     </span>
     <span class='ocr_line' id='line_1_24' title="bbox 334 3037 1424 3126; baseline 0.001 -25"><span class='ocrx_word' id='word_1_175' title='bbox 334 3037 531 3123; x_wconf 90' lang='lat' dir='ltr'>Aeschylum</span> <span class='ocrx_word' id='word_1_176' title='bbox 553 3041 732 3104; x_wconf 89' lang='lat' dir='ltr'>invenimus</span> <span class='ocrx_word' id='word_1_177' title='bbox 754 3040 839 3105; x_wconf 89' lang='lat' dir='ltr'>aliud</span> <span class='ocrx_word' id='word_1_178' title='bbox 862 3039 1023 3126; x_wconf 92' lang='lat' dir='ltr'>quoddam</span> <span class='ocrx_word' id='word_1_179' title='bbox 1052 3049 1084 3106; x_wconf 90' lang='lat' dir='ltr'>et</span> <span class='ocrx_word' id='word_1_180' title='bbox 1105 3040 1206 3104; x_wconf 91' lang='lat' dir='ltr'>simile</span> <span class='ocrx_word' id='word_1_181' title='bbox 1227 3060 1329 3123; x_wconf 91' lang='lat' dir='ltr'>genus</span> <span class='ocrx_word' id='word_1_182' title='bbox 1352 3061 1424 3103; x_wconf 93' lang='lat' dir='ltr'>con·</span> 
     </span>
     <span class='ocr_line' id='line_1_25' title="bbox 334 3145 1425 3234; baseline 0.001 -25"><span class='ocrx_word' id='word_1_183' title='bbox 334 3145 546 3211; x_wconf 90' lang='lat' dir='ltr'>dimentorum</span> <span class='ocrx_word' id='word_1_184' title='bbox 569 3147 654 3233; x_wconf 92' lang='lat' dir='ltr'>quod</span> <span class='ocrx_word' id='word_1_185' title='bbox 675 3169 740 3212; x_wconf 92' lang='lat' dir='ltr'>non</span> <span class='ocrx_word' id='word_1_186' title='bbox 762 3149 866 3212; x_wconf 85' lang='lat' dir='ltr'>minus</span> <span class='ocrx_word' id='word_1_187' title='bbox 888 3147 929 3212; x_wconf 84' lang='lat' dir='ltr'>ad</span> <span class='ocrx_word' id='word_1_188' title='bbox 954 3149 1053 3234; x_wconf 93' lang='lat' dir='ltr'>ipsius</span> <span class='ocrx_word' id='word_1_189' title='bbox 1073 3156 1189 3233; x_wconf 73' lang='lat' dir='ltr'>poetae</span> <span class='ocrx_word' id='word_1_190' title='bbox 1211 3157 1356 3234; x_wconf 89' lang='lat' dir='ltr'>tempora</span> <span class='ocrx_word' id='word_1_191' title='bbox 1377 3157 1425 3211; x_wconf 90' lang='lat' dir='ltr'>est</span> 
     </span>
     <span class='ocr_line' id='line_1_26' title="bbox 331 3253 1425 3341; baseline 0.003 -25"><span class='ocrx_word' id='word_1_192' title='bbox 331 3253 544 3320; x_wconf 86' lang='lat' dir='ltr'>referendum.</span> <span class='ocrx_word' id='word_1_193' title='bbox 587 3254 672 3320; x_wconf 90' lang='lat' dir='ltr'>Nam</span> <span class='ocrx_word' id='word_1_194' title='bbox 695 3277 765 3319; x_wconf 90' lang='lat' dir='ltr'>oum</span> <span class='ocrx_word' id='word_1_195' title='bbox 787 3265 823 3320; x_wconf 90' lang='lat' dir='ltr'>ut</span> <span class='ocrx_word' id='word_1_196' title='bbox 844 3278 901 3341; x_wconf 91' lang='lat' dir='ltr'>pro</span> <span class='ocrx_word' id='word_1_197' title='bbox 924 3277 980 3320; x_wconf 94' lang='lat' dir='ltr'>suo</span> <span class='ocrx_word' id='word_1_198' title='bbox 1003 3257 1133 3340; x_wconf 90' lang='lat' dir='ltr'>ingenio</span> <span class='ocrx_word' id='word_1_199' title='bbox 1154 3257 1200 3322; x_wconf 91' lang='lat' dir='ltr'>ita</span> <span class='ocrx_word' id='word_1_200' title='bbox 1222 3255 1263 3320; x_wconf 93' lang='lat' dir='ltr'>ob</span> <span class='ocrx_word' id='word_1_201' title='bbox 1285 3258 1425 3341; x_wconf 91' lang='lat' dir='ltr'>ipsorum</span> 
     </span>
     <span class='ocr_line' id='line_1_27' title="bbox 332 3362 1424 3451; baseline 0.003 -27"><span class='ocrx_word' id='word_1_202' title='bbox 332 3369 512 3446; x_wconf 89' lang='lat' dir='ltr'>temporum</span> <span class='ocrx_word' id='word_1_203' title='bbox 533 3362 672 3428; x_wconf 90' lang='lat' dir='ltr'>indolem</span> <span class='ocrx_word' id='word_1_204' title='bbox 694 3363 873 3450; x_wconf 84' lang='lat' dir='ltr'>Aeschylus</span> <span class='ocrx_word' id='word_1_205' title='bbox 896 3365 990 3451; x_wconf 94' lang='lat' dir='ltr'>plane</span> <span class='ocrx_word' id='word_1_206' title='bbox 1010 3365 1174 3430; x_wconf 90' lang='lat' dir='ltr'>vacaverit</span> <span class='ocrx_word' id='word_1_207' title='bbox 1200 3363 1341 3429; x_wconf 88' lang='lat' dir='ltr'>artificiis</span> <span class='ocrx_word' id='word_1_208' title='bbox 1363 3364 1424 3428; x_wconf 91' lang='lat' dir='ltr'>illis</span> 
     </span>
     <span class='ocr_line' id='line_1_28' title="bbox 333 3469 1424 3558; baseline 0.002 -25"><span class='ocrx_word' id='word_1_209' title='bbox 333 3489 415 3552; x_wconf 87' lang='lat' dir='ltr'>quae</span> <span class='ocrx_word' id='word_1_210' title='bbox 436 3469 476 3534; x_wconf 91' lang='lat' dir='ltr'>ad</span> <span class='ocrx_word' id='word_1_211' title='bbox 507 3469 671 3535; x_wconf 90' lang='lat' dir='ltr'>hominum</span> <span class='ocrx_word' id='word_1_212' title='bbox 701 3472 831 3556; x_wconf 87' lang='lat' dir='ltr'>ingenia</span> <span class='ocrx_word' id='word_1_213' title='bbox 862 3494 957 3558; x_wconf 89' lang='lat' dir='ltr'>qnam</span> <span class='ocrx_word' id='word_1_214' title='bbox 986 3473 1193 3538; x_wconf 90' lang='lat' dir='ltr'>subtilissime</span> <span class='ocrx_word' id='word_1_215' title='bbox 1221 3471 1424 3557; x_wconf 87' lang='lat' dir='ltr'>depingenda</span> 
     </span>
     <span class='ocr_line' id='line_1_29' title="bbox 285 3578 1424 3664; baseline 0.003 -24"><span class='ocrx_word' id='word_1_216' title='bbox 285 3625 288 3631; x_wconf 85' lang='lat'>.</span> <span class='ocrx_word' id='word_1_217' title='bbox 331 3578 509 3662; x_wconf 90' lang='lat' dir='ltr'>posteriore</span> <span class='ocrx_word' id='word_1_218' title='bbox 530 3587 637 3642; x_wconf 86' lang='lat' dir='ltr'>aetate</span> <span class='ocrx_word' id='word_1_219' title='bbox 658 3579 804 3644; x_wconf 90' lang='lat' dir='ltr'>solebant</span> <span class='ocrx_word' id='word_1_220' title='bbox 825 3579 979 3662; x_wconf 84' lang='lat' dir='ltr'>adhiberi,</span> <span class='ocrx_word' id='word_1_221' title='bbox 1001 3581 1145 3645; x_wconf 89' lang='lat' dir='ltr'>videmus</span> <span class='ocrx_word' id='word_1_222' title='bbox 1168 3602 1249 3662; x_wconf 92' lang='lat' dir='ltr'>eum,</span> <span class='ocrx_word' id='word_1_223' title='bbox 1276 3589 1312 3644; x_wconf 92' lang='lat' dir='ltr'>nt</span> <span class='ocrx_word' id='word_1_224' title='bbox 1334 3582 1424 3664; x_wconf 89' lang='lat' dir='ltr'>quasi</span> 
     </span>
     <span class='ocr_line' id='line_1_30' title="bbox 331 3687 1424 3772; baseline 0.003 -24"><span class='ocrx_word' id='word_1_225' title='bbox 331 3706 442 3748; x_wconf 91' lang='lat' dir='ltr'>sucum</span> <span class='ocrx_word' id='word_1_226' title='bbox 470 3694 502 3750; x_wconf 90' lang='lat' dir='ltr'>ct</span> <span class='ocrx_word' id='word_1_227' title='bbox 531 3687 721 3770; x_wconf 88' lang='lat' dir='ltr'>sanguinem</span> <span class='ocrx_word' id='word_1_228' title='bbox 750 3689 887 3772; x_wconf 91' lang='lat' dir='ltr'>ingeniis</span> <span class='ocrx_word' id='word_1_229' title='bbox 916 3689 1044 3767; x_wconf 88' lang='lat' dir='ltr'>iniciat,</span> <span class='ocrx_word' id='word_1_230' title='bbox 1078 3687 1119 3752; x_wconf 91' lang='lat' dir='ltr'>ab</span> <span class='ocrx_word' id='word_1_231' title='bbox 1152 3689 1264 3752; x_wconf 88' lang='lat' dir='ltr'>intima</span> <span class='ocrx_word' id='word_1_232' title='bbox 1295 3708 1424 3751; x_wconf 90' lang='lat' dir='ltr'>suorum</span> 
     </span>
     <span class='ocr_line' id='line_1_31' title="bbox 332 3794 1423 3880; baseline 0.004 -24"><span class='ocrx_word' id='word_1_233' title='bbox 332 3794 512 3878; x_wconf 87' lang='lat' dir='ltr'>aequalium</span> <span class='ocrx_word' id='word_1_234' title='bbox 533 3795 600 3859; x_wconf 86' lang='lat' dir='ltr'>vita</span> <span class='ocrx_word' id='word_1_235' title='bbox 621 3797 747 3879; x_wconf 90' lang='lat' dir='ltr'>privata</span> <span class='ocrx_word' id='word_1_236' title='bbox 769 3805 800 3860; x_wconf 90' lang='lat' dir='ltr'>et</span> <span class='ocrx_word' id='word_1_237' title='bbox 824 3796 998 3862; x_wconf 91' lang='lat' dir='ltr'>domestica</span> <span class='ocrx_word' id='word_1_238' title='bbox 1019 3794 1198 3860; x_wconf 90' lang='lat' dir='ltr'>admirabili</span> <span class='ocrx_word' id='word_1_239' title='bbox 1228 3817 1300 3860; x_wconf 89' lang='lat' dir='ltr'>cum</span> <span class='ocrx_word' id='word_1_240' title='bbox 1333 3817 1423 3880; x_wconf 87' lang='lat' dir='ltr'>saga·</span> 
     </span>
    </p>
   </div>
   <div class='ocr_carea' id='block_1_3' title="bbox 333 3958 530 3966">
    <p class='ocr_par' dir='ltr' id='par_1_4' title="bbox 333 3958 530 3966">
     <span class='ocr_line' id='line_1_32' title="bbox 333 3958 530 3966; baseline 0.01 -2"><span class='ocrx_word' id='word_1_241' title='bbox 333 3958 530 3966; x_wconf 74' lang='lat'>——</span> 
     </span>
    </p>
   </div>
   <div class='ocr_carea' id='block_1_4' title="bbox 333 4062 1427 4396">
    <p class='ocr_par' dir='ltr' id='par_1_5' title="bbox 333 4062 1427 4396">
     <span class='ocr_line' id='line_1_33' title="bbox 400 4062 1422 4132; baseline 0.004 -20"><span class='ocrx_word' id='word_1_242' title='bbox 400 4062 422 4128; x_wconf 76' lang='lat'>¹)</span> <span class='ocrx_word' id='word_1_243' title='bbox 441 4064 479 4113; x_wconf 83' lang='lat' dir='ltr'>cf.</span> <span class='ocrx_word' id='word_1_244' title='bbox 500 4065 544 4115; x_wconf 84' lang='lat' dir='ltr'>Ar.</span> <span class='ocrx_word' id='word_1_245' title='bbox 563 4068 627 4116; x_wconf 87' lang='lat' dir='ltr'>Ran.</span> <span class='ocrx_word' id='word_1_246' title='bbox 654 4069 716 4118; x_wconf 78' lang='lat'>1057</span> <span class='ocrx_word' id='word_1_247' title='bbox 737 4083 792 4132; x_wconf 90' lang='lat' dir='ltr'>sq.,</span> <span class='ocrx_word' id='word_1_248' title='bbox 818 4067 865 4118; x_wconf 91' lang='lat' dir='ltr'>ubi</span> <span class='ocrx_word' id='word_1_249' title='bbox 883 4067 1032 4132; x_wconf 86' lang='lat' dir='ltr'>Aeschylus</span> <span class='ocrx_word' id='word_1_250' title='bbox 1057 4065 1192 4116; x_wconf 87' lang='lat' dir='ltr'>invehitur</span> <span class='ocrx_word' id='word_1_251' title='bbox 1220 4067 1247 4117; x_wconf 94' lang='lat' dir='ltr'>in</span> <span class='ocrx_word' id='word_1_252' title='bbox 1271 4067 1422 4132; x_wconf 78' lang='lat' dir='ltr'>Euripidem</span> 
     </span>
     <span class='ocr_line' id='line_1_34' title="bbox 333 4148 506 4199; baseline 0.006 -1"><span class='ocrx_word' id='word_1_253' title='bbox 333 4149 375 4198; x_wconf 88' lang='lat' dir='ltr'>his</span> <span class='ocrx_word' id='word_1_254' title='bbox 392 4148 506 4199; x_wconf 83' lang='lat' dir='ltr'>verbis:</span> 
     </span>
     <span class='ocr_line' id='line_1_35' title="bbox 727 4233 1171 4310; baseline 0.007 -18"><span class='ocrx_word' id='word_1_255' title='bbox 727 4236 796 4302; x_wconf 81' lang='grc' dir='ltr'><strong><em>ἀλλ’,</em></strong></span> <span class='ocrx_word' id='word_1_256' title='bbox 815 4233 838 4292; x_wconf 80' lang='grc' dir='ltr'><strong><em>ὦ</em></strong></span> <span class='ocrx_word' id='word_1_257' title='bbox 855 4237 1041 4306; x_wconf 81' lang='grc' dir='ltr'><strong><em>κακόδαιμον,</em></strong></span> <span class='ocrx_word' id='word_1_258' title='bbox 1060 4237 1171 4310; x_wconf 79' lang='grc' dir='ltr'><em>ἀνάγκη</em></span> 
     </span>
     <span class='ocr_line' id='line_1_36' title="bbox 428 4323 1427 4396; baseline 0.006 -22"><span class='ocrx_word' id='word_1_259' title='bbox 428 4325 559 4390; x_wconf 79' lang='grc' dir='ltr'><strong><em>μεγαλῶν</em></strong></span> <span class='ocrx_word' id='word_1_260' title='bbox 576 4329 696 4392; x_wconf 81' lang='grc' dir='ltr'><strong><em>γνωμῶν</em></strong></span> <span class='ocrx_word' id='word_1_261' title='bbox 714 4325 764 4378; x_wconf 84' lang='grc' dir='ltr'>καὶ</span> <span class='ocrx_word' id='word_1_262' title='bbox 783 4325 919 4380; x_wconf 81' lang='grc' dir='ltr'><strong><em>διανοιῶν</em></strong></span> <span class='ocrx_word' id='word_1_263' title='bbox 939 4323 987 4380; x_wconf 82' lang='grc' dir='ltr'>ἴσα</span> <span class='ocrx_word' id='word_1_264' title='bbox 1005 4327 1055 4380; x_wconf 83' lang='grc' dir='ltr'>καὶ</span> <span class='ocrx_word' id='word_1_265' title='bbox 1074 4328 1109 4382; x_wconf 81' lang='grc' dir='ltr'>τὰ</span> <span class='ocrx_word' id='word_1_266' title='bbox 1127 4324 1239 4396; x_wconf 76' lang='grc' dir='ltr'><strong><em>ῥήματα</em></strong></span> <span class='ocrx_word' id='word_1_267' title='bbox 1257 4327 1376 4380; x_wconf 83' lang='grc' dir='ltr'><strong><em>τίκτειν.</em></strong></span> <span class='ocrx_word' id='word_1_268' title='bbox 1426 4337 1427 4342; x_wconf 78' lang='grc'>’</span> 
     </span>
    </p>
   </div>
   <div class='ocr_carea' id='block_1_5' title="bbox 0 0 1568 5176">
    <p class='ocr_par' dir='ltr' id='par_1_6' title="bbox 0 0 1568 5176">
     <span class='ocr_line' id='line_1_37' title="bbox 0 0 1568 5176; baseline 0 0"><span class='ocrx_word' id='word_1_269' title='bbox 0 0 1568 5176; x_wconf 95' lang='lat' dir='ltr'> </span> 
     </span>
    </p>
   </div>
  </div>
 </body>
</html>
