<?xml version="1.0" encoding="UTF-8"?>
<!DOCTYPE html PUBLIC "-//W3C//DTD XHTML 1.0 Transitional//EN"
    "http://www.w3.org/TR/xhtml1/DTD/xhtml1-transitional.dtd">
<html xmlns="http://www.w3.org/1999/xhtml" xml:lang="en" lang="en">
 <head>
  <title>
</title>
<meta http-equiv="Content-Type" content="text/html;charset=utf-8" />
  <meta name='ocr-system' content='tesseract 3.04.00' />
  <meta name='ocr-capabilities' content='ocr_page ocr_carea ocr_par ocr_line ocrx_word'/>
</head>
<body>
  <div class='ocr_page' id='page_1' title='image "./sophoclesquemad00beckgoog_0023.png"; bbox 0 0 3126 5176; ppageno 0'>
   <div class='ocr_carea' id='block_1_1' title="bbox 872 446 911 510">
    <p class='ocr_par' dir='ltr' id='par_1_1' title="bbox 872 446 911 510">
     <span class='ocr_line' id='line_1_1' title="bbox 872 446 911 510; baseline 0 0"><span class='ocrx_word' id='word_1_1' title='bbox 872 446 911 510; x_wconf 89' lang='grc'><strong>16</strong></span> 
     </span>
    </p>
   </div>
   <div class='ocr_carea' id='block_1_2' title="bbox 794 536 992 547">
    <p class='ocr_par' dir='ltr' id='par_1_2' title="bbox 794 536 992 547">
     <span class='ocr_line' id='line_1_2' title="bbox 794 536 992 547; baseline 0.025 -4"><span class='ocrx_word' id='word_1_2' title='bbox 794 536 992 547; x_wconf 73' lang='lat'><strong>———</strong></span> 
     </span>
    </p>
   </div>
   <div class='ocr_carea' id='block_1_3' title="bbox 755 651 1032 720">
    <p class='ocr_par' dir='ltr' id='par_1_3' title="bbox 755 651 1032 720">
     <span class='ocr_line' id='line_1_3' title="bbox 755 651 1032 720; baseline 0.007 -4"><span class='ocrx_word' id='word_1_3' title='bbox 755 651 783 716; x_wconf 95' lang='grc' dir='ltr'><strong>Ι.</strong></span> <span class='ocrx_word' id='word_1_4' title='bbox 825 651 873 720; x_wconf 78' lang='lat' dir='ltr'><strong>lle</strong></span> <span class='ocrx_word' id='word_1_5' title='bbox 895 651 1032 720; x_wconf 84' lang='lat' dir='ltr'><strong>civibus.</strong></span> 
     </span>
    </p>
   </div>
   <div class='ocr_carea' id='block_1_4' title="bbox 346 785 1442 2385">
    <p class='ocr_par' dir='ltr' id='par_1_4' title="bbox 346 785 1442 2385">
     <span class='ocr_line' id='line_1_4' title="bbox 430 785 1442 871; baseline 0.004 -23"><span class='ocrx_word' id='word_1_6' title='bbox 430 785 697 870; x_wconf 89' lang='lat' dir='ltr'><strong>Antiquissimam</strong></span> <span class='ocrx_word' id='word_1_7' title='bbox 718 786 765 852; x_wconf 90' lang='lat' dir='ltr'><strong>rei</strong></span> <span class='ocrx_word' id='word_1_8' title='bbox 786 785 934 871; x_wconf 89' lang='lat' dir='ltr'><strong>publicae</strong></span> <span class='ocrx_word' id='word_1_9' title='bbox 949 786 1085 850; x_wconf 89' lang='lat' dir='ltr'><strong>formam</strong></span> <span class='ocrx_word' id='word_1_10' title='bbox 1100 787 1126 849; x_wconf 93' lang='lat' dir='ltr'><strong>si</strong></span> <span class='ocrx_word' id='word_1_11' title='bbox 1140 785 1326 871; x_wconf 79' lang='lat' dir='ltr'><strong>respicimus</strong></span> <span class='ocrx_word' id='word_1_12' title='bbox 1340 785 1442 852; x_wconf 85' lang='lat' dir='ltr'><strong>fuisse</strong></span> 
     </span>
     <span class='ocr_line' id='line_1_5' title="bbox 347 892 1441 977; baseline 0.003 -22"><span class='ocrx_word' id='word_1_13' title='bbox 347 893 532 957; x_wconf 88' lang='lat' dir='ltr'><strong>societatem</strong></span> <span class='ocrx_word' id='word_1_14' title='bbox 553 893 756 977; x_wconf 81' lang='lat' dir='ltr'><strong>gentiliciam,</strong></span> <span class='ocrx_word' id='word_1_15' title='bbox 781 917 852 959; x_wconf 93' lang='lat' dir='ltr'><strong>oum</strong></span> <span class='ocrx_word' id='word_1_16' title='bbox 874 896 907 958; x_wconf 95' lang='lat' dir='ltr'><strong>in</strong></span> <span class='ocrx_word' id='word_1_17' title='bbox 922 893 1068 959; x_wconf 92' lang='lat' dir='ltr'><strong>omnibus</strong></span> <span class='ocrx_word' id='word_1_18' title='bbox 1085 892 1243 960; x_wconf 79' lang='lat' dir='ltr'><strong>Graeciae</strong></span> <span class='ocrx_word' id='word_1_19' title='bbox 1257 893 1441 960; x_wconf 85' lang='lat' dir='ltr'><strong>civitatibus</strong></span> 
     </span>
     <span class='ocr_line' id='line_1_6' title="bbox 347 999 1442 1086; baseline 0.004 -24"><span class='ocrx_word' id='word_1_20' title='bbox 347 1009 416 1063; x_wconf 92' lang='lat' dir='ltr'><strong>tum</strong></span> <span class='ocrx_word' id='word_1_21' title='bbox 438 999 573 1064; x_wconf 85' lang='lat' dir='ltr'><strong>Athenis</strong></span> <span class='ocrx_word' id='word_1_22' title='bbox 595 999 680 1065; x_wconf 91' lang='lat' dir='ltr'><strong>haud</strong></span> <span class='ocrx_word' id='word_1_23' title='bbox 710 1005 863 1066; x_wconf 84' lang='lat' dir='ltr'><strong>miramur</strong></span> <span class='ocrx_word' id='word_1_24' title='bbox 891 1002 1007 1066; x_wconf 92' lang='lat' dir='ltr'><strong>multas</strong></span> <span class='ocrx_word' id='word_1_25' title='bbox 1034 1023 1201 1066; x_wconf 89' lang='lat' dir='ltr'><strong>occurrere</strong></span> <span class='ocrx_word' id='word_1_26' title='bbox 1222 1003 1299 1066; x_wconf 91' lang='lat' dir='ltr'><strong>iuris</strong></span> <span class='ocrx_word' id='word_1_27' title='bbox 1321 1001 1442 1086; x_wconf 84' lang='lat' dir='ltr'><strong>publici</strong></span> 
     </span>
     <span class='ocr_line' id='line_1_7' title="bbox 347 1106 1442 1200; baseline 0.005 -30"><span class='ocrx_word' id='word_1_28' title='bbox 347 1106 466 1172; x_wconf 87' lang='lat' dir='ltr'><strong>formas</strong></span> <span class='ocrx_word' id='word_1_29' title='bbox 497 1118 595 1194; x_wconf 90' lang='lat' dir='ltr'><strong>atque</strong></span> <span class='ocrx_word' id='word_1_30' title='bbox 622 1110 770 1175; x_wconf 90' lang='lat' dir='ltr'><strong>instituta</strong></span> <span class='ocrx_word' id='word_1_31' title='bbox 798 1109 913 1194; x_wconf 92' lang='lat' dir='ltr'><strong>quibus</strong></span> <span class='ocrx_word' id='word_1_32' title='bbox 943 1119 1089 1175; x_wconf 86' lang='lat' dir='ltr'><strong>vetustus</strong></span> <span class='ocrx_word' id='word_1_33' title='bbox 1121 1109 1175 1174; x_wconf 90' lang='lat' dir='ltr'><strong>ille</strong></span> <span class='ocrx_word' id='word_1_34' title='bbox 1201 1131 1308 1174; x_wconf 90' lang='lat' dir='ltr'><strong>rerum</strong></span> <span class='ocrx_word' id='word_1_35' title='bbox 1338 1120 1442 1200; x_wconf 82' lang='lat' dir='ltr'><strong>status</strong></span> 
     </span>
     <span class='ocr_line' id='line_1_8' title="bbox 348 1215 1441 1304; baseline 0.003 -25"><span class='ocrx_word' id='word_1_36' title='bbox 348 1217 440 1300; x_wconf 91' lang='lat' dir='ltr'><strong>quasi</strong></span> <span class='ocrx_word' id='word_1_37' title='bbox 461 1227 577 1301; x_wconf 80' lang='lat' dir='ltr'><strong>pergat</strong></span> <span class='ocrx_word' id='word_1_38' title='bbox 607 1218 726 1302; x_wconf 86' lang='lat' dir='ltr'><strong>vigere.</strong></span> <span class='ocrx_word' id='word_1_39' title='bbox 779 1216 877 1283; x_wconf 88' lang='lat' dir='ltr'><strong>Unde</strong></span> <span class='ocrx_word' id='word_1_40' title='bbox 905 1217 1025 1303; x_wconf 87' lang='lat' dir='ltr'><strong>pendet</strong></span> <span class='ocrx_word' id='word_1_41' title='bbox 1053 1218 1138 1304; x_wconf 92' lang='lat' dir='ltr'><strong>quod</strong></span> <span class='ocrx_word' id='word_1_42' title='bbox 1169 1221 1255 1284; x_wconf 89' lang='lat' dir='ltr'><strong>cives</strong></span> <span class='ocrx_word' id='word_1_43' title='bbox 1285 1215 1379 1283; x_wconf 91' lang='lat' dir='ltr'><strong>divisi</strong></span> <span class='ocrx_word' id='word_1_44' title='bbox 1406 1220 1441 1282; x_wconf 92' lang='lat' dir='ltr'><strong>in</strong></span> 
     </span>
     <span class='ocr_line' id='line_1_9' title="bbox 347 1326 1440 1412; baseline 0.005 -24"><span class='ocrx_word' id='word_1_45' title='bbox 347 1334 461 1408; x_wconf 83' lang='lat' dir='ltr'><strong>gentes</strong></span> <span class='ocrx_word' id='word_1_46' title='bbox 503 1335 536 1390; x_wconf 91' lang='grc'><strong>01</strong></span> <span class='ocrx_word' id='word_1_47' title='bbox 567 1326 725 1411; x_wconf 88' lang='lat' dir='ltr'><strong>phratrias</strong></span> <span class='ocrx_word' id='word_1_48' title='bbox 758 1348 895 1412; x_wconf 90' lang='lat' dir='ltr'><strong>magnae</strong></span> <span class='ocrx_word' id='word_1_49' title='bbox 926 1329 1029 1394; x_wconf 88' lang='lat' dir='ltr'><strong>instar</strong></span> <span class='ocrx_word' id='word_1_50' title='bbox 1061 1327 1201 1393; x_wconf 88' lang='lat' dir='ltr'><strong>familiae</strong></span> <span class='ocrx_word' id='word_1_51' title='bbox 1233 1349 1297 1393; x_wconf 91' lang='lat' dir='ltr'><strong>uno</strong></span> <span class='ocrx_word' id='word_1_52' title='bbox 1330 1349 1440 1393; x_wconf 90' lang='lat' dir='ltr'><strong>omnes</strong></span> 
     </span>
     <span class='ocr_line' id='line_1_10' title="bbox 348 1433 1440 1522; baseline 0.004 -26"><span class='ocrx_word' id='word_1_53' title='bbox 348 1441 481 1497; x_wconf 92' lang='lat' dir='ltr'><strong>utuntur</strong></span> <span class='ocrx_word' id='word_1_54' title='bbox 501 1435 605 1518; x_wconf 90' lang='lat' dir='ltr'><strong>patrio</strong></span> <span class='ocrx_word' id='word_1_55' title='bbox 628 1433 699 1499; x_wconf 88' lang='lat' dir='ltr'><strong>foco</strong></span> <span class='ocrx_word' id='word_1_56' title='bbox 722 1436 777 1520; x_wconf 92' lang='lat' dir='ltr'><strong>qui</strong></span> <span class='ocrx_word' id='word_1_57' title='bbox 798 1447 848 1500; x_wconf 92' lang='lat' dir='ltr'><strong>est</strong></span> <span class='ocrx_word' id='word_1_58' title='bbox 869 1436 902 1499; x_wconf 91' lang='lat' dir='ltr'><strong>in</strong></span> <span class='ocrx_word' id='word_1_59' title='bbox 923 1445 1091 1522; x_wconf 86' lang='lat' dir='ltr'><strong>prytaneo.</strong></span> <span class='ocrx_word' id='word_1_60' title='bbox 1134 1435 1206 1515; x_wconf 79' lang='lat' dir='ltr'><strong>Quo</strong></span> <span class='ocrx_word' id='word_1_61' title='bbox 1229 1435 1270 1501; x_wconf 90' lang='lat' dir='ltr'><strong>ad</strong></span> <span class='ocrx_word' id='word_1_62' title='bbox 1291 1435 1440 1501; x_wconf 91' lang='lat' dir='ltr'><strong>corrobo-</strong></span> 
     </span>
     <span class='ocr_line' id='line_1_11' title="bbox 346 1540 1437 1628; baseline 0.003 -24"><span class='ocrx_word' id='word_1_63' title='bbox 346 1540 480 1605; x_wconf 88' lang='lat' dir='ltr'><strong>randam</strong></span> <span class='ocrx_word' id='word_1_64' title='bbox 501 1542 731 1628; x_wconf 86' lang='lat' dir='ltr'><strong>rempublicam</strong></span> <span class='ocrx_word' id='word_1_65' title='bbox 752 1543 839 1607; x_wconf 89' lang='lat' dir='ltr'><strong>fama</strong></span> <span class='ocrx_word' id='word_1_66' title='bbox 860 1543 985 1608; x_wconf 85' lang='lat' dir='ltr'><strong>ferebat</strong></span> <span class='ocrx_word' id='word_1_67' title='bbox 1016 1545 1165 1608; x_wconf 92' lang='lat' dir='ltr'><strong>instituto</strong></span> <span class='ocrx_word' id='word_1_68' title='bbox 1186 1567 1206 1609; x_wconf 90' lang='lat' dir='ltr'><strong>a</strong></span> <span class='ocrx_word' id='word_1_69' title='bbox 1226 1543 1352 1609; x_wconf 87' lang='lat' dir='ltr'><strong>Theseo</strong></span> <span class='ocrx_word' id='word_1_70' title='bbox 1374 1543 1437 1608; x_wconf 85' lang='lat' dir='ltr'><strong>fac-</strong></span> 
     </span>
     <span class='ocr_line' id='line_1_12' title="bbox 346 1645 1439 1737; baseline 0.004 -25"><span class='ocrx_word' id='word_1_71' title='bbox 346 1657 415 1712; x_wconf 90' lang='lat' dir='ltr'><strong>tum</strong></span> <span class='ocrx_word' id='word_1_72' title='bbox 437 1671 508 1714; x_wconf 91' lang='lat' dir='ltr'><strong>esse</strong></span> <span class='ocrx_word' id='word_1_73' title='bbox 528 1650 615 1714; x_wconf 93' lang='lat' dir='ltr'><strong>illum</strong></span> <span class='ocrx_word' id='word_1_74' title='bbox 644 1645 857 1736; x_wconf 80' lang='grc' dir='ltr'><strong><em>συνοικισμὸν</em></strong></span> <span class='ocrx_word' id='word_1_75' title='bbox 888 1651 1168 1736; x_wconf 83' lang='grc' dir='ltr'>(Τ11110.Π,15),</span> <span class='ocrx_word' id='word_1_76' title='bbox 1198 1673 1262 1737; x_wconf 92' lang='lat' dir='ltr'><strong>quo</strong></span> <span class='ocrx_word' id='word_1_77' title='bbox 1294 1651 1439 1734; x_wconf 89' lang='lat' dir='ltr'><strong>singulae</strong></span> 
     </span>
     <span class='ocr_line' id='line_1_13' title="bbox 347 1759 1439 1845; baseline 0.001 -24"><span class='ocrx_word' id='word_1_78' title='bbox 347 1759 493 1822; x_wconf 84' lang='lat' dir='ltr'><strong>civitates</strong></span> <span class='ocrx_word' id='word_1_79' title='bbox 515 1779 650 1842; x_wconf 89' lang='lat' dir='ltr'><strong>quarum</strong></span> <span class='ocrx_word' id='word_1_80' title='bbox 678 1761 727 1823; x_wconf 90' lang='lat' dir='ltr'><strong>sui</strong></span> <span class='ocrx_word' id='word_1_81' title='bbox 757 1781 902 1844; x_wconf 91' lang='lat' dir='ltr'><strong>quaeque</strong></span> <span class='ocrx_word' id='word_1_82' title='bbox 929 1760 1006 1824; x_wconf 91' lang='lat' dir='ltr'><strong>iuris</strong></span> <span class='ocrx_word' id='word_1_83' title='bbox 1028 1759 1191 1845; x_wconf 87' lang='lat' dir='ltr'><strong>usquead</strong></span> <span class='ocrx_word' id='word_1_84' title='bbox 1213 1759 1289 1824; x_wconf 92' lang='lat' dir='ltr'><strong>illud</strong></span> <span class='ocrx_word' id='word_1_85' title='bbox 1313 1770 1439 1844; x_wconf 90' lang='lat' dir='ltr'><strong>tempus</strong></span> 
     </span>
     <span class='ocr_line' id='line_1_14' title="bbox 347 1866 1438 1952; baseline 0 -24"><span class='ocrx_word' id='word_1_86' title='bbox 347 1867 480 1930; x_wconf 88' lang='lat' dir='ltr'><strong>vixisset</strong></span> <span class='ocrx_word' id='word_1_87' title='bbox 500 1867 532 1930; x_wconf 93' lang='lat' dir='ltr'><strong>in</strong></span> <span class='ocrx_word' id='word_1_88' title='bbox 554 1888 649 1932; x_wconf 89' lang='lat' dir='ltr'><strong>unam</strong></span> <span class='ocrx_word' id='word_1_89' title='bbox 671 1867 976 1952; x_wconf 87' lang='lat' dir='ltr'><strong>conglutinarentur.</strong></span> <span class='ocrx_word' id='word_1_90' title='bbox 1027 1866 1142 1952; x_wconf 91' lang='lat' dir='ltr'><strong>Itaque</strong></span> <span class='ocrx_word' id='word_1_91' title='bbox 1173 1868 1206 1931; x_wconf 92' lang='lat' dir='ltr'><strong>in</strong></span> <span class='ocrx_word' id='word_1_92' title='bbox 1229 1867 1356 1952; x_wconf 89' lang='lat' dir='ltr'><strong>Oedipo</strong></span> <span class='ocrx_word' id='word_1_93' title='bbox 1379 1867 1438 1932; x_wconf 84' lang='lat' dir='ltr'><strong>Oo-</strong></span> 
     </span>
     <span class='ocr_line' id='line_1_15' title="bbox 347 1965 1439 2062; baseline 0.004 -25"><span class='ocrx_word' id='word_1_94' title='bbox 347 1973 439 2038; x_wconf 90' lang='lat' dir='ltr'><strong>loneo</strong></span> <span class='ocrx_word' id='word_1_95' title='bbox 463 1976 522 2038; x_wconf 88' lang='lat' dir='ltr'><strong>etsi</strong></span> <span class='ocrx_word' id='word_1_96' title='bbox 543 1973 686 2039; x_wconf 86' lang='lat' dir='ltr'><strong>Theseus</strong></span> <span class='ocrx_word' id='word_1_97' title='bbox 709 1984 759 2040; x_wconf 90' lang='lat' dir='ltr'><strong>est</strong></span> <span class='ocrx_word' id='word_1_98' title='bbox 780 1965 799 2040; x_wconf 84' lang='grc' dir='ltr'>ὁ</span> <span class='ocrx_word' id='word_1_99' title='bbox 822 1975 895 2040; x_wconf 84' lang='grc' dir='ltr'><strong><em>κατ’</em></strong></span> <span class='ocrx_word' id='word_1_100' title='bbox 910 1966 994 2042; x_wconf 75' lang='grc' dir='ltr'><strong>ἄστυ</strong></span> <span class='ocrx_word' id='word_1_101' title='bbox 1007 1969 1160 2057; x_wconf 76' lang='grc' dir='ltr'><strong><em>βασιλεὺς</em></strong></span> <span class='ocrx_word' id='word_1_102' title='bbox 1175 1975 1255 2060; x_wconf 93' lang='grc'>(67),</span> <span class='ocrx_word' id='word_1_103' title='bbox 1277 1980 1439 2062; x_wconf 79' lang='grc' dir='ltr'><strong><em>πατρῷον</em></strong></span> 
     </span>
     <span class='ocr_line' id='line_1_16' title="bbox 346 2073 1437 2169; baseline 0.001 -22"><span class='ocrx_word' id='word_1_104' title='bbox 346 2073 430 2149; x_wconf 74' lang='grc' dir='ltr'><em>ἄστυ</em></span> <span class='ocrx_word' id='word_1_105' title='bbox 457 2088 515 2168; x_wconf 81' lang='grc' dir='ltr'><strong>γῆς</strong></span> <span class='ocrx_word' id='word_1_106' title='bbox 544 2081 610 2167; x_wconf 76' lang='grc' dir='ltr'><em>ἔχει</em></span> <span class='ocrx_word' id='word_1_107' title='bbox 639 2083 731 2168; x_wconf 82' lang='grc'>(297,</span> <span class='ocrx_word' id='word_1_108' title='bbox 761 2105 896 2169; x_wconf 87' lang='lat' dir='ltr'><strong>quorum</strong></span> <span class='ocrx_word' id='word_1_109' title='bbox 925 2083 965 2148; x_wconf 86' lang='lat' dir='ltr'><strong>cf.</strong></span> <span class='ocrx_word' id='word_1_110' title='bbox 988 2085 1021 2148; x_wconf 93' lang='lat' dir='ltr'><strong>in</strong></span> <span class='ocrx_word' id='word_1_111' title='bbox 1043 2085 1120 2148; x_wconf 86' lang='lat' dir='ltr'><strong>Ant.</strong></span> <span class='ocrx_word' id='word_1_112' title='bbox 1146 2085 1225 2150; x_wconf 86' lang='lat'>1083</span> <span class='ocrx_word' id='word_1_113' title='bbox 1245 2086 1437 2149; x_wconf 90' lang='lat' dir='ltr'><strong>locutionem</strong></span> 
     </span>
     <span class='ocr_line' id='line_1_17' title="bbox 347 2185 1437 2277; baseline -0.001 -20"><span class='ocrx_word' id='word_1_114' title='bbox 347 2187 517 2274; x_wconf 75' lang='grc' dir='ltr'><strong><em>ἓστιοῦχος</em></strong></span> <span class='ocrx_word' id='word_1_115' title='bbox 538 2185 662 2275; x_wconf 77' lang='grc' dir='ltr'>πόλις),</span> <span class='ocrx_word' id='word_1_116' title='bbox 684 2191 783 2256; x_wconf 83' lang='grc'>11111110</span> <span class='ocrx_word' id='word_1_117' title='bbox 805 2200 913 2256; x_wconf 88' lang='lat' dir='ltr'><strong>tamen</strong></span> <span class='ocrx_word' id='word_1_118' title='bbox 945 2193 1049 2256; x_wconf 90' lang='lat' dir='ltr'><strong>minus</strong></span> <span class='ocrx_word' id='word_1_119' title='bbox 1072 2192 1186 2257; x_wconf 83' lang='lat' dir='ltr'><strong>Coloni</strong></span> <span class='ocrx_word' id='word_1_120' title='bbox 1206 2193 1283 2277; x_wconf 88' lang='lat' dir='ltr'><strong>pagi</strong></span> <span class='ocrx_word' id='word_1_121' title='bbox 1306 2193 1357 2256; x_wconf 89' lang='lat' dir='ltr'><strong>cui</strong></span> <span class='ocrx_word' id='word_1_122' title='bbox 1376 2192 1437 2256; x_wconf 88' lang='lat' dir='ltr'><strong>illis</strong></span> 
     </span>
     <span class='ocr_line' id='line_1_18' title="bbox 346 2290 1436 2385; baseline 0 -22"><span class='ocrx_word' id='word_1_123' title='bbox 346 2297 424 2363; x_wconf 91' lang='lat' dir='ltr'><strong>locis</strong></span> <span class='ocrx_word' id='word_1_124' title='bbox 454 2290 538 2365; x_wconf 83' lang='grc' dir='ltr'><strong>ἄστυ</strong></span> <span class='ocrx_word' id='word_1_125' title='bbox 568 2300 738 2385; x_wconf 89' lang='lat' dir='ltr'><strong>opponitur</strong></span> <span class='ocrx_word' id='word_1_126' title='bbox 770 2300 893 2365; x_wconf 90' lang='lat' dir='ltr'><strong>incolae</strong></span> <span class='ocrx_word' id='word_1_127' title='bbox 921 2309 996 2364; x_wconf 88' lang='lat' dir='ltr'><strong>sunt</strong></span> <span class='ocrx_word' id='word_1_128' title='bbox 1023 2290 1141 2384; x_wconf 81' lang='grc' dir='ltr'><strong><em>ἄνδρες</em></strong></span> <span class='ocrx_word' id='word_1_129' title='bbox 1169 2304 1305 2365; x_wconf 80' lang='grc' dir='ltr'><em>πολῖται</em></span> <span class='ocrx_word' id='word_1_130' title='bbox 1327 2299 1436 2384; x_wconf 93' lang='grc'>(1578)</span> 
     </span>
    </p>
   </div>
   <div class='ocr_carea' id='block_1_5' title="bbox 346 2397 1543 2493">
    <p class='ocr_par' dir='ltr' id='par_1_5' title="bbox 346 2397 1543 2493">
     <span class='ocr_line' id='line_1_19' title="bbox 346 2397 1543 2493; baseline 0 -23"><span class='ocrx_word' id='word_1_131' title='bbox 346 2407 397 2471; x_wconf 91' lang='lat' dir='ltr'><strong>vel</strong></span> <span class='ocrx_word' id='word_1_132' title='bbox 418 2397 514 2473; x_wconf 81' lang='grc'>010101</span> <span class='ocrx_word' id='word_1_133' title='bbox 537 2406 657 2491; x_wconf 80' lang='grc'>(1528).</span> <span class='ocrx_word' id='word_1_134' title='bbox 702 2408 810 2493; x_wconf 90' lang='lat' dir='ltr'><strong>Atque</strong></span> <span class='ocrx_word' id='word_1_135' title='bbox 838 2417 874 2471; x_wconf 92' lang='lat' dir='ltr'><strong>ut</strong></span> <span class='ocrx_word' id='word_1_136' title='bbox 902 2428 992 2472; x_wconf 92' lang='lat' dir='ltr'><strong>suam</strong></span> <span class='ocrx_word' id='word_1_137' title='bbox 1022 2429 1167 2493; x_wconf 86' lang='lat' dir='ltr'><strong>quaeque</strong></span> <span class='ocrx_word' id='word_1_138' title='bbox 1196 2429 1277 2492; x_wconf 89' lang='lat' dir='ltr'><strong>gens</strong></span> <span class='ocrx_word' id='word_1_139' title='bbox 1308 2429 1349 2472; x_wconf 89' lang='lat' dir='ltr'><strong>ex</strong></span> <span class='ocrx_word' id='word_1_140' title='bbox 1378 2407 1436 2472; x_wconf 91' lang='lat' dir='ltr'><strong>deo</strong></span> <span class='ocrx_word' id='word_1_141' title='bbox 1542 2401 1543 2478; x_wconf 64' lang='grc'><strong>1</strong></span> 
     </span>
    </p>
   </div>
   <div class='ocr_carea' id='block_1_6' title="bbox 265 2514 1436 4328">
    <p class='ocr_par' dir='ltr' id='par_1_6' title="bbox 265 2514 1436 4328">
     <span class='ocr_line' id='line_1_20' title="bbox 347 2514 1435 2600; baseline -0.001 -21"><span class='ocrx_word' id='word_1_142' title='bbox 347 2514 484 2600; x_wconf 90' lang='lat' dir='ltr'><strong>quodam</strong></span> <span class='ocrx_word' id='word_1_143' title='bbox 506 2517 557 2581; x_wconf 91' lang='lat' dir='ltr'><strong>vel</strong></span> <span class='ocrx_word' id='word_1_144' title='bbox 578 2514 691 2599; x_wconf 88' lang='lat' dir='ltr'><strong>heroe,</strong></span> <span class='ocrx_word' id='word_1_145' title='bbox 725 2516 813 2579; x_wconf 92' lang='lat' dir='ltr'><strong>cuius</strong></span> <span class='ocrx_word' id='word_1_146' title='bbox 846 2537 956 2580; x_wconf 90' lang='lat' dir='ltr'><strong>omnes</strong></span> <span class='ocrx_word' id='word_1_147' title='bbox 986 2514 1122 2600; x_wconf 89' lang='lat' dir='ltr'><strong>gentiles</strong></span> <span class='ocrx_word' id='word_1_148' title='bbox 1154 2515 1306 2579; x_wconf 86' lang='lat' dir='ltr'><strong>fruuntur</strong></span> <span class='ocrx_word' id='word_1_149' title='bbox 1326 2515 1435 2595; x_wconf 88' lang='lat' dir='ltr'><strong>tutela,</strong></span> 
     </span>
     <span class='ocr_line' id='line_1_21' title="bbox 346 2623 1436 2716; baseline 0 -29"><span class='ocrx_word' id='word_1_150' title='bbox 346 2623 434 2688; x_wconf 92' lang='lat' dir='ltr'><strong>ducit</strong></span> <span class='ocrx_word' id='word_1_151' title='bbox 453 2625 627 2716; x_wconf 83' lang='lat' dir='ltr'><strong>originem,</strong></span> <span class='ocrx_word' id='word_1_152' title='bbox 660 2626 706 2688; x_wconf 89' lang='lat' dir='ltr'><strong>ita</strong></span> <span class='ocrx_word' id='word_1_153' title='bbox 733 2646 798 2688; x_wconf 91' lang='lat' dir='ltr'><strong>non</strong></span> <span class='ocrx_word' id='word_1_154' title='bbox 828 2623 923 2688; x_wconf 91' lang='lat' dir='ltr'><strong>modo</strong></span> <span class='ocrx_word' id='word_1_155' title='bbox 951 2624 1102 2688; x_wconf 86' lang='lat' dir='ltr'><strong>universa</strong></span> <span class='ocrx_word' id='word_1_156' title='bbox 1131 2624 1244 2688; x_wconf 86' lang='lat' dir='ltr'><strong>civitas</strong></span> <span class='ocrx_word' id='word_1_157' title='bbox 1266 2633 1436 2688; x_wconf 89' lang='lat' dir='ltr'><strong>veneratur</strong></span> 
     </span>
     <span class='ocr_line' id='line_1_22' title="bbox 346 2726 1433 2817; baseline -0.001 -21"><span class='ocrx_word' id='word_1_158' title='bbox 346 2731 422 2797; x_wconf 91' lang='lat' dir='ltr'><strong>deos</strong></span> <span class='ocrx_word' id='word_1_159' title='bbox 454 2741 605 2817; x_wconf 89' lang='lat' dir='ltr'><strong>paternos</strong></span> <span class='ocrx_word' id='word_1_160' title='bbox 638 2726 830 2817; x_wconf 79' lang='grc' dir='ltr'>(πατρῴους</span> <span class='ocrx_word' id='word_1_161' title='bbox 862 2733 938 2796; x_wconf 85' lang='grc' dir='ltr'>Α111.</span> <span class='ocrx_word' id='word_1_162' title='bbox 961 2731 1031 2796; x_wconf 88' lang='lat'><strong>838.</strong></span> <span class='ocrx_word' id='word_1_163' title='bbox 1075 2731 1217 2796; x_wconf 77' lang='grc'>81411.</span> <span class='ocrx_word' id='word_1_164' title='bbox 1262 2729 1433 2796; x_wconf 88' lang='grc' dir='ltr'>Ρ1111.933.</span> 
     </span>
     <span class='ocr_line' id='line_1_23' title="bbox 265 2833 1434 2924; baseline -0.003 -17"><span class='ocrx_word' id='word_1_165' title='bbox 265 2857 268 2866; x_wconf 86' lang='grc'><strong><em>·</em></strong></span> <span class='ocrx_word' id='word_1_166' title='bbox 346 2837 406 2907; x_wconf 77' lang='lat'><strong>00</strong></span> <span class='ocrx_word' id='word_1_167' title='bbox 429 2840 498 2904; x_wconf 91' lang='grc'>756.</span> <span class='ocrx_word' id='word_1_168' title='bbox 542 2839 580 2903; x_wconf 81' lang='lat' dir='ltr'><strong>fr.</strong></span> <span class='ocrx_word' id='word_1_169' title='bbox 602 2839 679 2919; x_wconf 94' lang='grc'>517,</span> <span class='ocrx_word' id='word_1_170' title='bbox 709 2833 894 2924; x_wconf 69' lang='grc' dir='ltr'><em>δημούχους</em></span> <span class='ocrx_word' id='word_1_171' title='bbox 922 2837 981 2905; x_wconf 83' lang='grc'><strong>00</strong></span> <span class='ocrx_word' id='word_1_172' title='bbox 1001 2839 1080 2919; x_wconf 86' lang='grc'>458,</span> <span class='ocrx_word' id='word_1_173' title='bbox 1110 2837 1291 2924; x_wconf 77' lang='grc' dir='ltr'><strong><em>ἐγχωρίους</em></strong></span> <span class='ocrx_word' id='word_1_174' title='bbox 1313 2838 1363 2904; x_wconf 88' lang='grc' dir='ltr'><strong>ΕΙ.</strong></span> <span class='ocrx_word' id='word_1_175' title='bbox 1386 2837 1434 2904; x_wconf 91' lang='grc'><strong>67.</strong></span> 
     </span>
     <span class='ocr_line' id='line_1_24' title="bbox 345 2947 1434 3033; baseline -0.003 -21"><span class='ocrx_word' id='word_1_176' title='bbox 345 2947 460 3012; x_wconf 83' lang='lat' dir='ltr'><strong>Trach.</strong></span> <span class='ocrx_word' id='word_1_177' title='bbox 487 2947 568 3031; x_wconf 87' lang='grc'>183),</span> <span class='ocrx_word' id='word_1_178' title='bbox 592 2947 648 3012; x_wconf 93' lang='lat' dir='ltr'><strong>sed</strong></span> <span class='ocrx_word' id='word_1_179' title='bbox 669 2949 845 3032; x_wconf 86' lang='lat' dir='ltr'><strong>peculiares</strong></span> <span class='ocrx_word' id='word_1_180' title='bbox 867 2958 942 3012; x_wconf 92' lang='lat' dir='ltr'><strong>sunt</strong></span> <span class='ocrx_word' id='word_1_181' title='bbox 965 2947 1010 3012; x_wconf 94' lang='lat' dir='ltr'><strong>dii</strong></span> <span class='ocrx_word' id='word_1_182' title='bbox 1035 2949 1171 3033; x_wconf 90' lang='lat' dir='ltr'><strong>gentiles</strong></span> <span class='ocrx_word' id='word_1_183' title='bbox 1193 2957 1346 3033; x_wconf 87' lang='lat' dir='ltr'><strong>tanquam</strong></span> <span class='ocrx_word' id='word_1_184' title='bbox 1369 2949 1434 3010; x_wconf 89' lang='lat' dir='ltr'><strong>vin-</strong></span> 
     </span>
     <span class='ocr_line' id='line_1_25' title="bbox 345 3055 1434 3142; baseline -0.002 -21"><span class='ocrx_word' id='word_1_185' title='bbox 345 3056 431 3121; x_wconf 84' lang='lat' dir='ltr'><strong>dices</strong></span> <span class='ocrx_word' id='word_1_186' title='bbox 454 3057 673 3140; x_wconf 89' lang='lat' dir='ltr'><strong>ingenuitatis.</strong></span> <span class='ocrx_word' id='word_1_187' title='bbox 717 3056 808 3136; x_wconf 85' lang='lat' dir='ltr'><strong>Quas</strong></span> <span class='ocrx_word' id='word_1_188' title='bbox 829 3066 937 3142; x_wconf 88' lang='lat' dir='ltr'><strong>partes</strong></span> <span class='ocrx_word' id='word_1_189' title='bbox 959 3055 1095 3121; x_wconf 89' lang='lat' dir='ltr'><strong>Athenis</strong></span> <span class='ocrx_word' id='word_1_190' title='bbox 1117 3055 1259 3140; x_wconf 86' lang='lat' dir='ltr'><strong>agebant</strong></span> <span class='ocrx_word' id='word_1_191' title='bbox 1280 3055 1434 3141; x_wconf 87' lang='lat' dir='ltr'><strong>phratria-</strong></span> 
     </span>
     <span class='ocr_line' id='line_1_26' title="bbox 345 3156 1432 3249; baseline -0.002 -21"><span class='ocrx_word' id='word_1_192' title='bbox 345 3186 414 3228; x_wconf 91' lang='lat' dir='ltr'><strong>rum</strong></span> <span class='ocrx_word' id='word_1_193' title='bbox 436 3165 572 3249; x_wconf 86' lang='lat' dir='ltr'><strong>patroni,</strong></span> <span class='ocrx_word' id='word_1_194' title='bbox 594 3156 677 3242; x_wconf 79' lang='grc' dir='ltr'><em>Ζεὺς</em></span> <span class='ocrx_word' id='word_1_195' title='bbox 700 3159 825 3247; x_wconf 72' lang='grc' dir='ltr'><strong><em>ἕρκειος</em></strong></span> <span class='ocrx_word' id='word_1_196' title='bbox 856 3164 911 3248; x_wconf 86' lang='lat' dir='ltr'><strong>(cf.</strong></span> <span class='ocrx_word' id='word_1_197' title='bbox 935 3164 1011 3229; x_wconf 89' lang='lat' dir='ltr'><strong>Ant.</strong></span> <span class='ocrx_word' id='word_1_198' title='bbox 1034 3165 1104 3230; x_wconf 88' lang='grc'>450.</span> <span class='ocrx_word' id='word_1_199' title='bbox 1126 3164 1204 3248; x_wconf 90' lang='grc'>487,</span> <span class='ocrx_word' id='word_1_200' title='bbox 1234 3163 1289 3228; x_wconf 92' lang='lat' dir='ltr'><strong>ubi</strong></span> <span class='ocrx_word' id='word_1_201' title='bbox 1310 3167 1345 3229; x_wconf 88' lang='lat' dir='ltr'><strong>Z.</strong></span> <span class='ocrx_word' id='word_1_202' title='bbox 1370 3158 1432 3248; x_wconf 75' lang='lat' dir='ltr'><strong>b&#39;px.</strong></span> 
     </span>
     <span class='ocr_line' id='line_1_27' title="bbox 345 3271 1433 3358; baseline -0.001 -23"><span class='ocrx_word' id='word_1_203' title='bbox 345 3293 474 3356; x_wconf 92' lang='lat' dir='ltr'><strong>prorsus</strong></span> <span class='ocrx_word' id='word_1_204' title='bbox 503 3284 552 3336; x_wconf 89' lang='lat' dir='ltr'><strong>est</strong></span> <span class='ocrx_word' id='word_1_205' title='bbox 581 3294 638 3358; x_wconf 93' lang='lat' dir='ltr'><strong>pro</strong></span> <span class='ocrx_word' id='word_1_206' title='bbox 668 3271 790 3337; x_wconf 86' lang='lat' dir='ltr'><strong>familia</strong></span> <span class='ocrx_word' id='word_1_207' title='bbox 818 3272 870 3337; x_wconf 90' lang='lat' dir='ltr'><strong>vel</strong></span> <span class='ocrx_word' id='word_1_208' title='bbox 898 3274 1187 3357; x_wconf 89' lang='lat' dir='ltr'><strong>consanguinitate.</strong></span> <span class='ocrx_word' id='word_1_209' title='bbox 1230 3272 1301 3356; x_wconf 90' lang='grc'>658,</span> <span class='ocrx_word' id='word_1_210' title='bbox 1322 3271 1378 3335; x_wconf 91' lang='lat' dir='ltr'><strong>ubi</strong></span> <span class='ocrx_word' id='word_1_211' title='bbox 1400 3273 1433 3336; x_wconf 88' lang='lat' dir='ltr'><strong>Z.</strong></span> 
     </span>
     <span class='ocr_line' id='line_1_28' title="bbox 345 3369 1434 3465; baseline -0.004 -20"><span class='ocrx_word' id='word_1_212' title='bbox 345 3373 501 3464; x_wconf 78' lang='grc' dir='ltr'><strong><em>ξύναιμος</em></strong></span> <span class='ocrx_word' id='word_1_213' title='bbox 520 3380 604 3444; x_wconf 89' lang='lat' dir='ltr'><strong>idem</strong></span> <span class='ocrx_word' id='word_1_214' title='bbox 633 3380 733 3464; x_wconf 90' lang='lat' dir='ltr'><strong>valet)</strong></span> <span class='ocrx_word' id='word_1_215' title='bbox 763 3391 795 3446; x_wconf 92' lang='grc'><strong>01</strong></span> <span class='ocrx_word' id='word_1_216' title='bbox 819 3369 989 3446; x_wconf 71' lang='grc' dir='ltr'><em>Ἁπόλλων</em></span> <span class='ocrx_word' id='word_1_217' title='bbox 1009 3385 1177 3465; x_wconf 80' lang='grc' dir='ltr'><strong>πατρῷος.</strong></span> <span class='ocrx_word' id='word_1_218' title='bbox 1220 3381 1329 3464; x_wconf 87' lang='lat' dir='ltr'><strong>Atque</strong></span> <span class='ocrx_word' id='word_1_219' title='bbox 1350 3387 1434 3464; x_wconf 90' lang='lat' dir='ltr'><strong>post·</strong></span> 
     </span>
     <span class='ocr_line' id='line_1_29' title="bbox 346 3486 1434 3573; baseline -0.001 -22"><span class='ocrx_word' id='word_1_220' title='bbox 346 3509 441 3573; x_wconf 90' lang='lat' dir='ltr'><strong>quam</strong></span> <span class='ocrx_word' id='word_1_221' title='bbox 473 3487 549 3554; x_wconf 87' lang='lat' dir='ltr'><strong>Solo</strong></span> <span class='ocrx_word' id='word_1_222' title='bbox 581 3489 779 3573; x_wconf 89' lang='lat' dir='ltr'><strong>aliquantum</strong></span> <span class='ocrx_word' id='word_1_223' title='bbox 810 3487 949 3553; x_wconf 89' lang='lat' dir='ltr'><strong>detraxit</strong></span> <span class='ocrx_word' id='word_1_224' title='bbox 979 3487 1019 3554; x_wconf 89' lang='lat' dir='ltr'><strong>dc</strong></span> <span class='ocrx_word' id='word_1_225' title='bbox 1049 3489 1239 3552; x_wconf 89' lang='lat' dir='ltr'><strong>auctoritate</strong></span> <span class='ocrx_word' id='word_1_226' title='bbox 1260 3486 1434 3572; x_wconf 88' lang='lat' dir='ltr'><strong>gentilicia,</strong></span> 
     </span>
     <span class='ocr_line' id='line_1_30' title="bbox 346 3594 1434 3680; baseline -0.004 -20"><span class='ocrx_word' id='word_1_227' title='bbox 346 3595 525 3660; x_wconf 87' lang='lat' dir='ltr'><strong>Clisthenes</strong></span> <span class='ocrx_word' id='word_1_228' title='bbox 554 3617 639 3660; x_wconf 90' lang='lat' dir='ltr'><strong>nova</strong></span> <span class='ocrx_word' id='word_1_229' title='bbox 668 3617 725 3659; x_wconf 91' lang='lat' dir='ltr'><strong>sua</strong></span> <span class='ocrx_word' id='word_1_230' title='bbox 746 3597 869 3668; x_wconf 89' lang='lat' dir='ltr'><strong>civium</strong></span> <span class='ocrx_word' id='word_1_231' title='bbox 883 3596 1055 3680; x_wconf 90' lang='lat' dir='ltr'><strong>partitione</strong></span> <span class='ocrx_word' id='word_1_232' title='bbox 1077 3617 1096 3659; x_wconf 91' lang='lat' dir='ltr'><strong>a</strong></span> <span class='ocrx_word' id='word_1_233' title='bbox 1127 3594 1344 3659; x_wconf 89' lang='lat' dir='ltr'><strong>fundamentis</strong></span> <span class='ocrx_word' id='word_1_234' title='bbox 1366 3614 1434 3657; x_wconf 89' lang='lat' dir='ltr'><strong>eam</strong></span> 
     </span>
     <span class='ocr_line' id='line_1_31' title="bbox 345 3701 1434 3788; baseline -0.002 -22"><span class='ocrx_word' id='word_1_235' title='bbox 345 3703 486 3786; x_wconf 87' lang='lat' dir='ltr'><strong>disiecit,</strong></span> <span class='ocrx_word' id='word_1_236' title='bbox 517 3725 559 3768; x_wconf 95' lang='lat' dir='ltr'><strong>ne</strong></span> <span class='ocrx_word' id='word_1_237' title='bbox 589 3713 667 3767; x_wconf 89' lang='lat' dir='ltr'><strong>tunc</strong></span> <span class='ocrx_word' id='word_1_238' title='bbox 695 3702 824 3788; x_wconf 92' lang='lat' dir='ltr'><strong>quidem</strong></span> <span class='ocrx_word' id='word_1_239' title='bbox 856 3704 973 3767; x_wconf 92' lang='lat' dir='ltr'><strong>civium</strong></span> <span class='ocrx_word' id='word_1_240' title='bbox 1010 3703 1242 3786; x_wconf 86' lang='lat' dir='ltr'><strong>ingenuitatem</strong></span> <span class='ocrx_word' id='word_1_241' title='bbox 1274 3701 1434 3788; x_wconf 83' lang='lat' dir='ltr'><strong>phratrias</strong></span> 
     </span>
     <span class='ocr_line' id='line_1_32' title="bbox 346 3808 1433 3896; baseline -0.005 -20"><span class='ocrx_word' id='word_1_242' title='bbox 346 3811 534 3876; x_wconf 90' lang='lat' dir='ltr'><strong>desinebant</strong></span> <span class='ocrx_word' id='word_1_243' title='bbox 555 3834 675 3877; x_wconf 90' lang='lat' dir='ltr'><strong>curare.</strong></span> <span class='ocrx_word' id='word_1_244' title='bbox 718 3810 833 3896; x_wconf 91' lang='lat' dir='ltr'><strong>Neque</strong></span> <span class='ocrx_word' id='word_1_245' title='bbox 855 3812 939 3876; x_wconf 93' lang='lat' dir='ltr'><strong>enim</strong></span> <span class='ocrx_word' id='word_1_246' title='bbox 955 3812 1102 3896; x_wconf 91' lang='lat' dir='ltr'><strong>cuiquam</strong></span> <span class='ocrx_word' id='word_1_247' title='bbox 1118 3811 1257 3875; x_wconf 91' lang='lat' dir='ltr'><strong>civitatis</strong></span> <span class='ocrx_word' id='word_1_248' title='bbox 1275 3808 1433 3874; x_wconf 90' lang='lat' dir='ltr'><strong>beneficiis</strong></span> 
     </span>
     <span class='ocr_line' id='line_1_33' title="bbox 301 3915 1431 4005; baseline -0.003 -22"><span class='ocrx_word' id='word_1_249' title='bbox 301 3977 304 3983; x_wconf 91' lang='lat'><strong>.</strong></span> <span class='ocrx_word' id='word_1_250' title='bbox 345 3920 408 3984; x_wconf 90' lang='lat' dir='ltr'><strong>frui</strong></span> <span class='ocrx_word' id='word_1_251' title='bbox 428 3921 545 3985; x_wconf 91' lang='lat' dir='ltr'><strong>licebat</strong></span> <span class='ocrx_word' id='word_1_252' title='bbox 567 3921 628 3985; x_wconf 92' lang='lat' dir='ltr'><strong>nisi</strong></span> <span class='ocrx_word' id='word_1_253' title='bbox 649 3920 792 4004; x_wconf 90' lang='lat' dir='ltr'><strong>legitimo</strong></span> <span class='ocrx_word' id='word_1_254' title='bbox 821 3921 981 4005; x_wconf 90' lang='lat' dir='ltr'><strong>utrimque</strong></span> <span class='ocrx_word' id='word_1_255' title='bbox 1003 3919 1206 3983; x_wconf 88' lang='lat' dir='ltr'><strong>matrimonio</strong></span> <span class='ocrx_word' id='word_1_256' title='bbox 1235 3928 1329 3982; x_wconf 87' lang='lat' dir='ltr'><strong>natus</strong></span> <span class='ocrx_word' id='word_1_257' title='bbox 1361 3915 1431 3981; x_wconf 93' lang='lat' dir='ltr'><strong>deo·</strong></span> 
     </span>
     <span class='ocr_line' id='line_1_34' title="bbox 343 4023 1429 4113; baseline -0.005 -21"><span class='ocrx_word' id='word_1_258' title='bbox 343 4049 414 4092; x_wconf 90' lang='lat' dir='ltr'><strong>rum</strong></span> <span class='ocrx_word' id='word_1_259' title='bbox 446 4030 609 4094; x_wconf 91' lang='lat' dir='ltr'><strong>curialium</strong></span> <span class='ocrx_word' id='word_1_260' title='bbox 641 4029 744 4094; x_wconf 91' lang='lat' dir='ltr'><strong>cultus</strong></span> <span class='ocrx_word' id='word_1_261' title='bbox 778 4038 846 4093; x_wconf 90' lang='lat' dir='ltr'><strong>erat</strong></span> <span class='ocrx_word' id='word_1_262' title='bbox 878 4027 1048 4113; x_wconf 89' lang='lat' dir='ltr'><strong>particeps.</strong></span> <span class='ocrx_word' id='word_1_263' title='bbox 1113 4027 1223 4112; x_wconf 91' lang='lat' dir='ltr'><strong>Atque</strong></span> <span class='ocrx_word' id='word_1_264' title='bbox 1264 4025 1346 4090; x_wconf 90' lang='lat' dir='ltr'><strong>festo</strong></span> <span class='ocrx_word' id='word_1_265' title='bbox 1378 4023 1429 4087; x_wconf 94' lang='lat' dir='ltr'><strong>illo</strong></span> 
     </span>
     <span class='ocr_line' id='line_1_35' title="bbox 345 4127 1432 4220; baseline -0.002 -22"><span class='ocrx_word' id='word_1_266' title='bbox 345 4135 396 4199; x_wconf 91' lang='lat' dir='ltr'><strong>die</strong></span> <span class='ocrx_word' id='word_1_267' title='bbox 426 4157 488 4220; x_wconf 93' lang='lat' dir='ltr'><strong>quo</strong></span> <span class='ocrx_word' id='word_1_268' title='bbox 521 4137 692 4201; x_wconf 85' lang='lat' dir='ltr'><strong>infantium</strong></span> <span class='ocrx_word' id='word_1_269' title='bbox 724 4136 885 4202; x_wconf 90' lang='lat' dir='ltr'><strong>sollemnis</strong></span> <span class='ocrx_word' id='word_1_270' title='bbox 911 4134 1009 4199; x_wconf 89' lang='lat' dir='ltr'><strong>fiebat</strong></span> <span class='ocrx_word' id='word_1_271' title='bbox 1042 4136 1075 4198; x_wconf 95' lang='lat' dir='ltr'><strong>in</strong></span> <span class='ocrx_word' id='word_1_272' title='bbox 1100 4127 1304 4220; x_wconf 84' lang='grc' dir='ltr'><strong><em>φρατερικὸν</em></strong></span> <span class='ocrx_word' id='word_1_273' title='bbox 1336 4153 1432 4217; x_wconf 81' lang='grc' dir='ltr'><strong><em>γραμ-</em></strong></span> 
     </span>
     <span class='ocr_line' id='line_1_36' title="bbox 343 4241 1433 4328; baseline -0.004 -22"><span class='ocrx_word' id='word_1_274' title='bbox 343 4253 482 4326; x_wconf 81' lang='grc' dir='ltr'><strong><em>ματεῖον</em></strong></span> <span class='ocrx_word' id='word_1_275' title='bbox 503 4243 667 4328; x_wconf 90' lang='lat' dir='ltr'><strong>inscriptio</strong></span> <span class='ocrx_word' id='word_1_276' title='bbox 689 4244 826 4308; x_wconf 91' lang='lat' dir='ltr'><strong>hostiam</strong></span> <span class='ocrx_word' id='word_1_277' title='bbox 850 4251 977 4306; x_wconf 88' lang='lat' dir='ltr'><strong>constat</strong></span> <span class='ocrx_word' id='word_1_278' title='bbox 999 4241 1169 4310; x_wconf 85' lang='lat' dir='ltr'><strong>curialibus</strong></span> <span class='ocrx_word' id='word_1_279' title='bbox 1191 4243 1225 4305; x_wconf 93' lang='lat' dir='ltr'><strong>in</strong></span> <span class='ocrx_word' id='word_1_280' title='bbox 1240 4261 1351 4305; x_wconf 89' lang='lat' dir='ltr'><strong>cenam</strong></span> <span class='ocrx_word' id='word_1_281' title='bbox 1366 4260 1433 4302; x_wconf 89' lang='lat' dir='ltr'><strong>esse</strong></span> 
     </span>
    </p>
   </div>
   <div class='ocr_carea' id='block_1_7' title="bbox 343 4347 1540 4437">
    <p class='ocr_par' dir='ltr' id='par_1_7' title="bbox 343 4347 1540 4437">
     <span class='ocr_line' id='line_1_37' title="bbox 343 4347 1540 4437; baseline -0.006 -21"><span class='ocrx_word' id='word_1_282' title='bbox 343 4348 452 4416; x_wconf 85' lang='lat' dir='ltr'><strong>datam</strong></span> <span class='ocrx_word' id='word_1_283' title='bbox 473 4371 608 4437; x_wconf 89' lang='lat' dir='ltr'><strong>quacum</strong></span> <span class='ocrx_word' id='word_1_284' title='bbox 622 4349 862 4416; x_wconf 82' lang='lat' dir='ltr'><strong>Andromedam</strong></span> <span class='ocrx_word' id='word_1_285' title='bbox 878 4351 1055 4436; x_wconf 88' lang='lat' dir='ltr'><strong>comparari</strong></span> <span class='ocrx_word' id='word_1_286' title='bbox 1076 4352 1108 4415; x_wconf 95' lang='lat' dir='ltr'><strong>in</strong></span> <span class='ocrx_word' id='word_1_287' title='bbox 1129 4348 1230 4414; x_wconf 92' lang='lat' dir='ltr'><strong>Andr.</strong></span> <span class='ocrx_word' id='word_1_288' title='bbox 1252 4348 1291 4413; x_wconf 85' lang='lat' dir='ltr'><strong>lr.</strong></span> <span class='ocrx_word' id='word_1_289' title='bbox 1307 4347 1375 4432; x_wconf 84' lang='grc'>132,</span> <span class='ocrx_word' id='word_1_290' title='bbox 1392 4347 1432 4410; x_wconf 84' lang='lat'><strong>1:</strong></span> <span class='ocrx_word' id='word_1_291' title='bbox 1539 4349 1540 4366; x_wconf 65' lang='lat'>¹</span> 
     </span>
    </p>
   </div>
   <div class='ocr_carea' id='block_1_8' title="bbox 0 0 1568 5176">
    <p class='ocr_par' dir='ltr' id='par_1_8' title="bbox 0 0 1568 5176">
     <span class='ocr_line' id='line_1_38' title="bbox 0 0 1568 5176; baseline 0 1"><span class='ocrx_word' id='word_1_292' title='bbox 0 0 1568 5176; x_wconf 95' lang='lat' dir='ltr'><strong> </strong></span> 
     </span>
    </p>
   </div>
  </div>
 </body>
</html>
