3126 5176
841 443 884 508 92

392 644 507 729 Neque
528 643 644 710 iniuria
664 642 775 708 humili
796 643 851 707 illa
870 643 1040 708 mulierum
1067 640 1256 706 condicione
1286 640 1413 706 dixeris

312 752 432 820 factum
453 773 534 834 esse,
555 760 591 818 ut
612 773 632 815 a
651 751 790 815 naturali
812 772 920 816 earum
941 771 1051 814 amore
1071 749 1112 813 ad
1133 747 1299 814 libidinem
1319 749 1414 813 illam

312 880 395 944 quae
415 867 549 924 uocatur
577 858 812 942 παιδεραστεῖν
843 879 864 920 a
895 855 1029 923 Graecis
1058 855 1270 920 aberraretur.
1320 854 1414 920 Nam

312 967 383 1050 ipsa
411 966 480 1032 uita
509 965 621 1047 civili,'
641 986 705 1049 qua
725 963 842 1047 fiebat,
876 973 912 1030 ut
942 965 1020 1028 civis
1047 963 1201 1028 familiam
1222 971 1255 1027 et
1274 983 1415 1026 uxorem

313 1073 518 1157 neglegeret,
548 1071 626 1136 illud
655 1072 774 1136 amoris
802 1093 904 1156 genus
935 1071 1080 1136 elebatur
1100 1079 1198 1155 atque
1219 1068 1414 1154 augebatur,

313 1203 386 1246 cum
414 1181 447 1244 in
476 1181 653 1265 gymnasiis
684 1181 884 1264 potissimum
914 1179 1112 1263 amplissima
1145 1177 1313 1242 offerretur
1342 1179 1416 1242 eius

313 1288 495 1352 commercii
516 1288 658 1370 occasio,
692 1309 732 1352 ex
764 1308 826 1373 quo
857 1286 1029 1372 cupiebant
1056 1285 1183 1350 haurire
1212 1306 1283 1350 earn
1309 1287 1414 1350 animi

313 1395 558 1460 delectationem
589 1415 685 1478 quam
714 1396 747 1460 in
777 1396 885 1462 uxorio
917 1393 1146 1460 consuetudine
1172 1391 1414 1459 desiderabant.

314 1503 425 1588 Atque
447 1501 592 1584 viguisse
612 1501 685 1584 ipsa
702 1501 832 1570 heroica
851 1510 958 1568 aetate
987 1501 1075 1568 illam
1100 1499 1264 1566 libidinem
1285 1499 1414 1584 Sopho-

313 1612 378 1676 cles
412 1608 539 1674 videtur
573 1608 706 1692 finxisse
739 1611 773 1676 iu
804 1609 881 1676 ludo
911 1610 1051 1694 satyrico
1084 1609 1139 1693 qni
1174 1606 1415 1672 inscribebatur

315 1707 485 1802 Ἀχιλλέως
505 1718 642 1805 deuoret
664 1741 670 1780 :
694 1716 844 1784 ouius‘fr.
866 1717 926 1784 165)

429 1876 432 1881 -
461 1839 580 1910 παπαῖ,
602 1819 644 1892 τὰ
665 1824 798 1907 παιδίχ’,
820 1813 866 1899 ὡς
888 1813 979 1908 ὁρᾶς,
1000 1812 1177 1898 ἀπώλεσας

313 1956 350 1998 eo
381 1935 542 2018 pertinere
570 1942 707 1998 testatur
734 1931 831 1998 schol.
863 1929 920 1996 Ar.
943 1929 1042 2014 Vesp.
1065 1930 1154 1994 1021.
1204 1927 1274 1993 Nec
1300 1927 1412 1991 minus

313 2062 350 2105 eo
372 2049 496 2124 spectat
516 2039 556 2106 fr.
579 2039 637 2104 721

463 2139 533 2232 dcco
554 2147 582 2212 d'
605 2145 859 2232 decorae-diffusa
877 2145 1034 2212 παιδικοῑ
1056 2147 1176 2228 προσῇ,

313 2254 399 2341 quod
432 2265 464 2319 et
495 2257 600 2340 ipsum
631 2254 674 2321 ad
705 2255 793 2320 illum
825 2253 934 2320 ludum
966 2253 1142 2336 satyricum
1175 2250 1303 2314 videtur
1337 2269 1414 2312 esee

312 2362 524 2427 referendum.

394 2531 549 2617 Reliquae
571 2529 652 2596 duae
675 2531 951 2595 commentationis
974 2537 1081 2614 partes
1103 2527 1158 2610 (cf.
1181 2547 1212 2612 p.
1238 2525 1299 2608 14),
1330 2545 1412 2612 qua-

312 2662 385 2706 rum
421 2641 454 2704 in
495 2641 596 2705 altera
627 2639 867 2704 Wilamowitzii
906 2639 961 2702 illa
1000 2658 1096 2722 quam
1134 2657 1236 2720 nuper
1275 2632 1413 2718 protulit

314 2747 465 2831 (Hermes
487 2745 601 2831 XXII,
626 2747 694 2810 107.
716 2747 793 2823 211)
817 2747 857 2810 de
878 2745 1105 2832 inquilinorum
1130 2742 1315 2806 condicione
1337 2761 1411 2806 sen·

313 2856 415 2918 tentia
441 2855 521 2938 mihi
550 2875 616 2918 non
651 2853 713 2918 fuit
748 2852 942 2934 omittenda,
981 2853 1148 2938 quominus
1183 2870 1268 2914 nunc
1303 2849 1412 2930 ipsum

312 2962 399 3046 typis
421 2961 657 3048 exprimantur,
679 2961 759 3026 nihil
780 2960 888 3025 obstat
909 2960 971 3023 nisi
993 2958 1078 3046 quod
1099 2959 1215 3023 limites
1236 2977 1295 3019 usu
1316 2975 1410 3039 prae·

313 3069 449 3152 scriptos
491 3068 707 3133 dissertationi
744 3077 834 3132 tanto
877 3065 987 3151 egredi
1022 3065 1118 3130 nolui.
1174 3063 1290 3148 Itaque
1324 3082 1410 3146 quae

312 3184 437 3238 restant
456 3176 558 3260 primo
580 3196 708 3262 quoque
729 3184 873 3260 tempore
894 3184 950 3238 eut
972 3171 1210 3258 ephemeridum
1231 3169 1408 3254 philologa-

312 3305 383 3348 rum
404 3283 498 3348 alicui
520 3281 645 3346 tradem
666 3292 722 3346 aut
747 3283 907 3366 gymnasii
929 3280 1160 3364 programmati
1181 3277 1363 3359 adiungam.

313 3484 387 3547 Quae
405 3481 567 3534 consuetudo
585 3483 645 3534 inde
663 3483 749 3547 fluxit,
777 3483 847 3548 quod
877 3497 979 3548 semper
1005 3475 1075 3532 intra
1102 3481 1209 3531 domum
1236 3475 1408 3528 versantibus

312 3567 407 3619 coloris
424 3567 530 3619 bonitas
546 3569 627 3622 facile
643 3569 844 3624 evanescebat:
873 3583 953 3632 quern
980 3566 1124 3618 studebant
1151 3572 1247 3616 natura
1265 3562 1407 3613 deficiente

313 3653 375 3704 buco
393 3653 506 3704 mentiri.
543 3652 653 3720 (Scripsi
669 3652 805 3727 xoqilgovd
825 3669 858 3703 ex
877 3653 1031 3704 coniectura
1049 3653 1080 3704 G.
1101 3649 1254 3713 Hermanni,
1273 3663 1335 3700 oum
1352 3651 1407 3698 tra-

313 3737 368 3789 dita
385 3737 466 3790 verba
484 3757 515 3793 τε
532 3735 570 3804 ὣς
587 3744 638 3794 τοῦ
654 3737 708 3806 μὲν
725 3738 831 3790 nullum
849 3739 993 3805 praebeant
1013 3736 1138 3803 sensum.)

720 3953 739 3960 -
756 3941 1007 3973 ..nauem—-

722 4094 995 4178 Corrigenda.

562 4216 625 4280 Peg.
647 4218 677 4266 19
697 4216 741 4266 lin.
761 4221 774 4266 t
793 4215 855 4281 lege
873 4231 897 4279 p.
916 4216 947 4264 39
967 4228 1013 4278 pro
1032 4217 1072 4262 40.

588 4339 600 4368 „
647 4305 678 4352 39
710 4339 724 4366 „
744 4305 776 4352 25
813 4339 825 4366 „
871 4301 959 4365 [triph.
980 4315 1026 4364 pro
1045 4298 1156 4364 Epigon.
