3126 5176
672 413 692 480 l

582 505 777 513 ———

120 598 191 702 ¹pro
213 617 336 702 patriae
356 616 466 700 gloria,
481 618 619 701 certarit,
642 615 828 702 Euripidem
843 618 920 682 satis
937 627 1063 682 constat
1077 620 1223 703 quamvis

132 735 290 790 remotum
310 748 330 790 a
350 727 418 790 vita
440 725 524 789 civili
546 726 729 790 acutissima
749 735 857 790 tamen
889 725 1113 790 observatione
1129 748 1225 812 quae

133 835 166 898 in
188 832 372 919 republica
401 832 595 916 gerebantur
623 843 825 918 persecutum
854 833 1058 918 cupidissime
1079 844 1225 918 captasse

133 963 341 1028 quaecunque
363 933 403 1006 ex
424 963 501 1005 snae
522 943 636 1006 aetatis
658 941 799 1006 moribus
816 953 848 1006 et
865 943 1019 1007 institutis
1035 941 1226 1007 videbantur

132 1051 236 1113 minus
258 1048 505 1134 comprobanda,
528 1047 703 1134 dequibus
725 1049 802 1134 quid
824 1051 892 1134 ipse
913 1051 1046 1114 sentiret
1060 1051 1093 1114 in
1109 1049 1225 1114 fabulis

133 1158 356 1243 pronuntiaret
387 1158 567 1241 civiumque
599 1179 693 1222 curae
725 1156 971 1222 commendaret.
1026 1157 1133 1236 Quare
1160 1177 1225 1222 non

133 1264 317 1348 sublimiore
339 1265 470 1330 oonsilio
492 1265 615 1348 ductus,
638 1265 693 1329 sed
714 1275 750 1329 ut
764 1267 886 1330 aurium
902 1264 1121 1331 blandimenta
1135 1287 1224 1351 speo-

133 1373 290 1437 tatoribus
312 1372 499 1458 praeberet,
527 1394 623 1458 saepe
653 1383 708 1438 aut
737 1373 862 1437 fabulas
886 1383 919 1438 et
939 1395 1032 1438 veras
1054 1394 1136 1460 quae
1157 1385 1225 1438 tum

133 1479 327 1565 gerebantur
349 1503 400 1545 res
422 1501 552 1565 prorsus
567 1482 751 1566 permiscuit
767 1481 863 1564 (utin
879 1481 1107 1546 Andromacha
1120 1483 1222 1547 Hera·

134 1587 223 1652 clidis
243 1587 449 1673 Supplicibus
480 1609 562 1674 quae
592 1588 779 1672 tragoediae
808 1589 885 1673 quid
914 1589 975 1653 sibi
1004 1589 1104 1654 velint
1131 1611 1225 1654 nemo

134 1697 210 1782 quin
232 1695 315 1761 illius
336 1697 383 1760 rei
404 1695 522 1760 habeat
542 1698 698 1760 rationem
727 1707 834 1780 potest
863 1699 1057 1782 perspicere)
1086 1707 1141 1762 aut
1162 1700 1223 1762 sin·

95 1863 97 1868 .
132 1805 217 1888 gulis
239 1805 384 1889 personis
406 1804 577 1888 agentibus
599 1804 717 1869 abusus
739 1815 788 1869 est
810 1814 964 1889 tanquam
982 1827 1110 1870 suarum
1125 1807 1224 1890 ipsius

133 1912 173 1976 de
211 1912 306 1976 rebus
347 1911 537 1998 quibusdam
574 1913 804 1976 sententiarum
834 1912 1081 1998 interpretibus,
1113 1915 1159 1978 ita
1190 1923 1226 1978 ut

134 2029 287 2105 tanquam
320 2021 458 2084 comicus
490 2021 523 2084 in
553 2019 701 2105 parabasi
733 2021 802 2105 ipse
833 2041 905 2084 cum
933 2021 1167 2101 spectatoribus
1188 2043 1226 2086 ac

132 2149 198 2192 non
227 2127 407 2192 fabularum
443 2149 601 2214 personae
629 2149 762 2213 quarum
801 2128 879 2193 nihil
913 2129 978 2193 iam
1015 2138 1063 2194 est
1102 2130 1226 2214 antiqui

133 2239 194 2301 nisi
216 2237 346 2302 nomina
368 2247 401 2301 ct
421 2238 557 2302 vestitus
578 2239 662 2302 inter
691 2259 726 2301 se
755 2259 853 2320 agere
880 2238 1058 2302 videantur.
1109 2237 1226 2322 Itaque

133 2367 205 2410 cum
227 2345 413 2430 Euripidem
435 2345 600 2410 videamus
622 2367 663 2410 ne
684 2367 815 2431 operam
836 2345 966 2432 quidem
980 2346 1057 2410 darc
1072 2356 1109 2411 ut
1122 2345 1225 2410 heroi·

135 2474 243 2517 corum
265 2463 445 2538 temporum
465 2475 568 2518 mores
590 2455 751 2536 imitetur,
782 2455 838 2519 sed
868 2477 888 2520 a
909 2476 966 2518 sua
989 2463 1095 2518 aetate
1115 2455 1226 2540 utique

131 2562 310 2647 proiectum
334 2572 365 2627 et
397 2583 603 2649 personarum
633 2572 665 2627 et
693 2583 799 2627 rerum
821 2562 1068 2647 descriptionem
1089 2563 1156 2627 eius
1177 2564 1226 2627 in·

131 2671 227 2753 genio
249 2669 452 2755 subiungere,
474 2672 589 2736 mirum
610 2692 675 2736 non
697 2679 746 2734 est
767 2691 1026 2756 unamquamque
1047 2693 1088 2735 ex
1108 2670 1225 2734 fabulis
1311 2663 1314 2670 ’

132 2778 313 2864 Euripideis
335 2779 499 2844 abundare
514 2779 801 2863 significationibus
825 2799 907 2864 quae
922 2777 963 2843 ad
978 2778 1225 2843 Atheniensium

133 2909 237 2952 mores
259 2897 291 2952 et
312 2888 460 2952 instituta
481 2897 556 2951 runt
575 2886 753 2951 referenda.
804 2886 876 2952 Neo
902 2887 1007 2951 minus
1036 2885 1077 2951 ab
1108 2885 1223 2951 adhor-

133 2995 223 3059 tandi
253 2996 306 3060 illa
341 3005 375 3060 et
410 2996 625 3081 praecipiendi
653 2996 778 3059 ratione
805 3015 901 3080 quam
929 3015 1025 3079 supra
1054 2994 1121 3058 dixi
1150 2999 1223 3080 pob-

131 3112 198 3166 tam
228 3101 377 3168 didicisse
409 3125 429 3166 a
460 3102 610 3190 sophistis
640 3103 795 3168 sermonis
816 3103 972 3188 quaedam
1003 3102 1121 3187 pendet
1151 3123 1222 3187 pro-

134 3210 263 3295 prietas.
305 3211 391 3276 Nam
413 3232 485 3274 cum
505 3232 630 3275 morum
653 3211 867 3276 emendationi
888 3231 1012 3274 summa
1027 3231 1097 3274 cum
1112 3210 1222 3274 alacri·

134 3327 203 3382 tate
231 3318 394 3383 incumbat
422 3319 609 3405 civibusque
637 3341 738 3383 novas
766 3341 839 3382 suas
873 3319 1038 3404 opiniones
1068 3318 1154 3380 omni
1182 3339 1223 3382 ex

134 3436 226 3512 parte
247 3427 374 3492 studeat
396 3427 605 3513 persuadere,
637 3427 823 3490 excursibus
844 3425 1015 3491 admodum
1035 3447 1222 3510 supervaca-

133 3535 203 3598 neis
226 3545 258 3600 at
279 3537 333 3620 qui
354 3557 419 3599 non
440 3536 503 3600 nisi
523 3535 597 3600 laxe
617 3555 689 3598 cum
711 3536 788 3619 ipsis
809 3534 906 3598 rebus
928 3555 1007 3619 quas
1029 3544 1222 3599 tractaturus

132 3652 182 3707 est
202 3642 393 3708 cohaereant
421 3643 547 3728 saepius
576 3643 702 3726 cogitur
729 3651 853 3706 rectum
881 3641 1009 3706 fabulae
1038 3661 1223 3727 processum

131 3751 363 3834 interpellare:
392 3773 443 3816 res
473 3760 581 3816 autem
610 3749 769 3815 inauditas
800 3758 833 3814 ct
853 3771 873 3814 a
895 3751 981 3833 volgi
1003 3749 1223 3832 intellegentia
1285 3821 1288 3830 1

131 3858 299 3922 etiamtum
331 3859 450 3923 alienas
483 3857 620 3922 confisus
660 3857 892 3943 spectatoribus
927 3856 1127 3941 comprobari
1158 3877 1222 3920 non

131 3987 226 4050 posse
247 3968 310 4032 nisi
331 3967 478 4032 omnibus
500 3967 697 4051 argumentis
718 3966 834 4030 adlatis
848 3965 1030 4048 fulciantur,
1051 3987 1118 4030 non
1132 3965 1222 4030 dubi·

133 4082 182 4139 tat
202 4073 417 4158 sophistarum
437 4075 664 4160 rhetorumque
685 4095 775 4138 more
796 4072 990 4138 descendere
1018 4072 1059 4138 ad
1081 4074 1222 4158 disputa-

131 4182 235 4246 tiones
269 4183 594 4268 ratiocinationesque
632 4180 804 4247 admodum
844 4182 989 4266 spinosas
1031 4191 1064 4246 et
1102 4182 1223 4246 ieiunas

132 4288 249 4374 quibus
271 4291 374 4356 elucet
394 4301 528 4356 naturae
549 4292 626 4355 artis
648 4291 790 4374 tragicae
804 4291 870 4353 vim
884 4288 1014 4372 adferri,
1035 4289 1223 4374 praesertim
