3126 5176
637 476 676 541 21

108 657 268 743 Teucrum
307 677 505 763 Eurysaoem
545 677 633 742 ouius
665 675 838 742 Tecmessa
881 676 1024 760 queritur
1065 677 1202 742 δουλίαν

108 779 241 872 τροφὴν
260 785 324 850 499
346 794 378 849 et
399 785 552 862 δουλείας
573 776 653 870 ζυγὰ
685 784 747 849 944
778 805 860 869 quae
889 784 951 848 sibi
981 795 1013 850 et
1040 806 1139 870 puero
1160 784 1202 848 ah

111 893 238 958 Atridis
260 893 361 957 Aiace
382 892 533 958 defuncto
555 893 765 975 immineant),
788 891 845 956 sed
860 893 957 957 stiam
970 892 1086 958 liberos
1102 901 1135 956 et
1154 893 1201 956 in-

109 1023 232 1084 genuos
254 1003 306 1081 (ut
327 1000 432 1066 Creon
454 1002 487 1066 in
510 1003 588 1066 Ant.
609 1001 671 1066 479
693 1000 893 1084 Antigonam
922 999 1017 1084 fingit
1046 1021 1115 1064 esse
1137 1020 1202 1064 ser·
1274 1029 1279 1038 ·

110 1111 208 1191 vam).
252 1107 355 1173 Multo
384 1118 491 1174 autem
519 1109 648 1173 maioris
676 1108 829 1172 momenti
859 1116 934 1172 sunt
963 1129 1046 1193 quae
1073 1107 1114 1172 ds
1145 1128 1203 1171 sua

109 1215 298 1281 condicione
319 1217 388 1300 ipse
408 1215 532 1283 Teucer
560 1217 680 1280 sentire
709 1215 844 1281 videtur.
896 1215 961 1296 Qui
989 1216 1050 1279 etsi
1077 1214 1202 1281 Atridis

109 1323 310 1388 demonstrat
331 1345 364 1388 se
386 1345 456 1388 esse
476 1314 614 1409 ἄριστον
634 1323 670 1404 ἐξ
684 1315 853 1408 ἀριστέων
868 1325 962 1390 δυοῖν
977 1323 1098 1408 (1299),
1120 1345 1201 1388 sem·

108 1453 167 1517 per
191 1440 298 1496 tamen
320 1431 382 1496 sibi
403 1433 548 1496 conscius
571 1454 641 1498 esse
662 1431 797 1516 videtur,
828 1431 914 1518 quod
935 1431 984 1496 ad·
996 1433 1044 1496 ius
1066 1433 1202 1497 attineat

108 1538 274 1619 familiare,
299 1539 398 1604 Aiace
420 1539 519 1604 fratre
540 1549 671 1625 propter
690 1528 832 1606 νοθείαν
851 1563 886 1605 se
908 1561 978 1604 esse
992 1539 1199 1605 inferiorem:

109 1647 196 1732 quod
218 1646 351 1711 efficitur
372 1669 412 1711 ex
433 1668 463 1711 v.
487 1647 567 1712 1008
589 1669 652 1732 quo
675 1669 747 1712 oum
768 1647 854 1711 dicat

258 1739 278 1839 ἦ
298 1747 367 1819 που
386 1777 427 1838 με
453 1747 619 1839 Τελαμών,
641 1748 710 1831 σὸς
730 1748 868 1840 πατὴρ
890 1747 987 1839 ἐμός
1008 1756 1044 1820 θ’
1066 1745 1158 1839 ἄμα,

260 1861 379 1942 δέξαιτ’
401 1852 443 1926 hb
466 1871 525 1926 cet.
626 1935 627 1940 η

108 1979 234 2055 patrem
264 1971 391 2056 utrique
420 1993 490 2036 esse
515 1992 729 2054 communem,
761 1992 850 2054 cum,
882 1970 966 2056 quod
994 1969 1037 2035 ad
1064 1979 1201 2038 matrem

107 2079 284 2164 pertineat,
313 2079 400 2160 Aiax
426 2077 463 2144 ut
489 2091 569 2155 παῖς
588 2071 721 2166 γνήσιος
752 2079 891 2164 priorem
922 2079 1066 2144 obtineat
1094 2079 1199 2144 locum

107 2186 228 2252 diserte
250 2186 376 2252 videtur
397 2188 572 2252 enuntiare.
615 2187 743 2252 Deinde
764 2187 849 2273 quod
874 2187 953 2254 1012
974 2209 1044 2274 sqq.
1073 2185 1087 2202 V

600 2309 703 2362 ποῖον
724 2285 787 2362 οὐκ
807 2295 877 2382 ἐρεῖ
894 2289 1001 2362 κακὸν

257 2395 319 2468 τὸν
343 2401 380 2468 ἐκ
402 2395 501 2488 δορὸς
520 2407 649 2489 γεγῶτα
669 2406 833 2490 πολεμίου
853 2399 963 2472 νόθον
985 2455 1116 2472 .....

106 2508 293 2576 Telamonis
315 2512 417 2596 patris
439 2513 603 2598 praesagit
617 2511 789 2597 opprobria
803 2512 843 2576 ad
857 2513 1000 2578 νοθείαν
1021 2513 1200 2599 spectantia

107 2617 333 2704 concluditque
353 2617 437 2684 hanc
458 2619 689 2705 expositionem
710 2617 816 2683 verbis

306 2730 446 2793 τοιαῦτα
467 2727 529 2812 μὲν
548 2727 620 2792 κατ’
641 2721 737 2792 οἰκον
857 2726 979 2810 (1021),

106 2834 188 2898 haec
211 2835 318 2899 omnia
338 2834 422 2899 haud
444 2835 602 2899 immerito
624 2833 665 2898 ad
686 2833 932 2899 Atheniensium
961 2855 1067 2898 mores
1088 2831 1198 2898 viden·

107 2952 162 3008 tur
184 2943 305 3025 referri,
327 2943 515 3030 praesertim
537 2963 608 3006 oum
630 2949 759 3028 poetam
780 2943 812 3006 in
834 2941 894 3007 hac
909 2941 1019 3009 fabula
1036 2941 1200 3008 videamus

106 3060 290 3135 temporum
311 3053 435 3116 ratione
455 3051 573 3114 omissa
592 3048 626 3113 id
648 3049 794 3132 studere,
823 3059 859 3116 ut
888 3049 1079 3117 Salaminios
1108 3051 1200 3115 artis-

107 3159 192 3222 simo
214 3158 500 3242 consanguinitatis
521 3157 649 3221 vinculo
680 3157 829 3222 ostendat
858 3158 936 3243 ipsis
964 3156 1100 3221 heroicis
1121 3165 1199 3222 tem—

106 3265 240 3351 poribus
277 3287 348 3329 cum
381 3264 631 3329 Atheniensibus
666 3264 765 3330 fuisse
802 3266 987 3329 coniunctos
996 3263 1047 3338 ¹⁸).
1109 3263 1201 3328 Haec

107 3383 218 3438 autem
237 3374 319 3438 ratio
334 3393 458 3438 morum
474 3373 718 3438 Atheniensium
733 3373 927 3438 lineamenta
940 3371 1201 3436 artificiosissime

105 3480 227 3545 fabulis
247 3481 412 3546 intexendi
435 3491 590 3568 quantum
611 3481 708 3546 distet
729 3480 770 3546 ab
786 3479 969 3566 Euripideis
990 3481 1051 3546 illis
1064 3500 1201 3565 quarum

105 3607 207 3674 supra
234 3591 428 3654 mentionem
463 3589 525 3654 foci
562 3588 824 3654 translationibus
854 3589 1012 3674 copiosius
1040 3604 1201 3674 exponere

106 3705 196 3762 certe
217 3719 489 3784 supervacaneum
510 3708 568 3763 est.

191 3805 300 3891 Atque
320 3804 362 3870 ad
386 3827 439 3870 eos
462 3805 548 3891 quod
568 3805 684 3900 attinet
714 3807 768 3892 qui
799 3799 976 3891 πατρόθεν
1014 3825 1079 3867 non
1110 3811 1201 3867 erant

182 4091 217 4160 ¹⁸)
236 4096 270 4145 of.
291 4097 347 4146 202.
373 4097 431 4146 861.
458 4099 522 4147 1218
543 4111 599 4160 sqq.
644 4094 766 4147 Goeclrer
791 4109 816 4160 p.
836 4096 876 4143 at.
911 4093 985 4144 Iusto
1009 4092 1135 4144 subtilius
1159 4108 1202 4142 me

106 4180 217 4248 quidem
239 4180 329 4232 indice
347 4181 523 4233 Wilsmowita
542 4181 696 4248 (Kydathen
714 4197 739 4248 p.
759 4178 820 4246 228)
837 4179 866 4230 in
883 4195 908 4228 v.
922 4181 970 4230 861
989 4178 1071 4230 verbs
1088 4176 1123 4234 τὸ
1139 4177 1201 4232 σύν-

111 4277 221 4335 τροφον
238 4263 321 4336 γένος
339 4267 427 4318 voluit
444 4267 537 4320 referri
555 4268 590 4318 ad
608 4268 699 4336 φυλὴν
722 4267 796 4318 illam
817 4264 1018 4316 Atheniensium
1040 4265 1085 4316 oui
1106 4279 1202 4316 nomen

109 4359 170 4405 erat
187 4349 315 4418 Αίαντίς.
