3126 5176
879 429 921 495 30

353 629 488 697 florebat
503 631 675 716 gentilitas,
691 632 793 696 omnis
809 653 861 696 res
876 631 1041 696 familiaris
1055 653 1120 695 non
1134 631 1228 696 unius
1239 633 1447 717 possessoris,

354 740 410 805 sed
432 739 597 823 gentilium
619 739 732 803 fuisset
754 738 795 803 ad
817 760 896 824 quos
925 740 987 804 nisi
1018 740 1165 804 testatori
1193 749 1284 804 erant
1311 740 1367 804 filii
1394 741 1445 805 in·

354 849 451 933 genui
473 847 596 914 solebat
616 847 736 932 redire,
767 870 788 912 a
808 847 927 914 Solone
956 849 1141 913 testamenti
1169 848 1267 914 factio
1290 850 1445 934 cuiusque

354 956 486 1022 arbitrio
508 964 578 1020 erat
597 957 751 1042 permissa
771 955 928 1042 simulque
950 965 1087 1039 cautum,
1109 965 1145 1020 ut
1165 957 1258 1021 uxori
1279 958 1446 1042 superstiti

354 1073 489 1129 testator
518 1065 546 1128 si
575 1085 640 1128 non
669 1064 821 1129 maiorem
850 1063 1006 1130 bonorum
1035 1074 1160 1151 partem
1191 1065 1314 1150 legaret
1335 1065 1445 1130 dotem

354 1183 462 1237 tamen
482 1181 519 1236 ut
540 1172 570 1236 ei
590 1171 730 1236 debitam
751 1171 908 1238 redderet.
952 1171 1051 1237 Cuius
1072 1174 1119 1237 rei
1134 1172 1240 1238 verbis
1256 1173 1372 1257 λέχους
1386 1162 1445 1238 ὅτι

352 1281 445 1366 χρείη
464 1280 497 1365 μ’
519 1276 655 1346 ἑλέσθαι
675 1283 792 1366 κτῆσιν
812 1282 890 1366 quin
911 1282 993 1346 ratio
1015 1280 1170 1346 habeatur
1192 1303 1257 1347 non
1279 1281 1398 1347 dubito.

436 1391 544 1474 Atque
565 1390 599 1454 in
620 1388 705 1453 civili
725 1389 779 1454 illo
799 1390 868 1454 iure
889 1388 1032 1473 iurando,
1054 1411 1117 1475 quo
1133 1389 1208 1454 dato
1224 1389 1326 1455 XVII
1341 1411 1444 1454 annos

354 1497 421 1561 nati
443 1494 590 1584 (ἔφηβοι)
612 1497 661 1561 sni
689 1498 824 1583 quisque
853 1498 929 1583 pagi
956 1496 1074 1562 tabulis
1104 1497 1384 1579 adscribebantur,
1413 1499 1444 1562 si

353 1603 557 1670 recordamur
590 1605 695 1690 posita
726 1605 826 1670 fuissa
856 1604 955 1670 verba
982 1603 1112 1691 ἵστορες
1141 1607 1236 1686 θεοὶ,
1268 1596 1444 1692 Ἄγλαυρος

353 1701 567 1789 Ἐνυάλιος
596 1702 686 1799 Ἄρης
706 1705 789 1790 Ζεὺς
811 1713 905 1796 (Poll.
930 1711 1031 1797 VIII,
1064 1713 1154 1797 105),
1184 1713 1264 1778 haec
1294 1713 1444 1778 videntur

354 1841 418 1885 uon
439 1820 518 1886 nihil
539 1821 685 1900 valuisse,
708 1830 744 1886 ut
764 1816 939 1906 Sophocles
960 1823 995 1886 in
1015 1823 1067 1888 Αἰ.
1092 1822 1151 1888 179
1172 1832 1286 1886 nautas
1307 1820 1443 1887 Salami-

353 1930 423 1994 nios
443 1923 691 2016 χαλκοθώρακα
719 1919 891 1998 Ἐνυάλιον
919 1931 1040 1996 faceret
1066 1932 1262 1996 invocantes.
1313 1927 1444 2008 Quare

353 2047 479 2124 praeter
503 2039 566 2104 aha
588 2060 669 2124 quae
691 2061 788 2124 supra
808 2040 854 2126 (p,
876 2039 931 2124 21)
955 2039 1048 2124 tetigi
1076 2040 1184 2104 nescio
1212 2060 1255 2104 an
1276 2040 1444 2124 antiquam

273 2183 276 2188 ·
353 2147 440 2212 illam
462 2167 557 2233 quam
578 2147 793 2212 Athenienses
814 2147 912 2212 fuisse
933 2147 1102 2212 voluerunt
1129 2149 1272 2233 ipsorum
1301 2156 1333 2212 et
1353 2147 1443 2214 Sala·

353 2253 522 2320 miniorum
556 2255 810 2322 coniunctionem
842 2255 1075 2342 spectatoribus
1108 2255 1244 2320 voluerit
1273 2254 1441 2341 probare:

354 2362 439 2448 quod
470 2383 533 2447 qua
560 2365 684 2429 ratione
712 2363 836 2429 facilius
864 2363 963 2429 fiebat
991 2385 1086 2448 quam
1116 2364 1255 2428 excitata
1276 2383 1333 2447 per
1353 2363 1441 2446 ipsos

354 2469 545 2537 Salaminios
566 2473 720 2537 memoria
741 2473 808 2537 eius
828 2473 909 2536 ritus
932 2473 1018 2536 cuius
1046 2491 1138 2536 nemo
1167 2471 1235 2536 iere
1256 2493 1296 2536 ex
1317 2479 1440 2555 specta-

354 2589 459 2644 torum
478 2601 609 2646 numero
632 2602 695 2645 non
720 2581 833 2646 fuisset
854 2579 1102 2666 particepstw).

435 2688 544 2774 Atque
565 2688 679 2754 adres
700 2710 899 2775 paganorum
921 2687 1007 2774 quod
1027 2689 1161 2772 attinet,
1188 2688 1227 2752 iis
1249 2686 1367 2752 licebat
1388 2707 1440 2750 us·
1545 2737 1546 2784 3

354 2817 416 2881 que
437 2818 474 2860 eo
497 2797 562 2861 suis
583 2795 707 2880 legibus
728 2797 845 2879 vivere,
867 2805 903 2861 ut
924 2817 1038 2880 agrum
1058 2795 1220 2881 publicum
1240 2793 1441 2880 possiderent

354 2903 442 2967 cuius
464 2926 505 2968 ex
525 2903 630 2969 reditu
650 2903 844 2969 sustinerent
865 2914 1010 2990 sumptus
1036 2925 1141 2969 rerum
1172 2923 1384 2989 paganarum,
1406 2903 1441 2964 in

354 3010 404 3075 hia
425 3012 564 3076 maxime
584 3031 746 3076 sacromm
768 3010 968 3097 quorundam
989 3031 1071 3096 quae
1093 3033 1150 3076 sua
1171 3019 1286 3096 sponte
1306 3009 1440 3074 admini-

354 3119 508 3185 strabant.
551 3120 705 3205 Princeps
727 3129 834 3184 autem
855 3121 931 3205 pagi
961 3114 1170 3206 (δήμαρχος),
1198 3120 1224 3183 si
1253 3139 1333 3204 opus
1362 3124 1440 3200 erat,

354 3228 518 3292 contiones
539 3227 738 3292 convocabat
759 3226 874 3312 quibus
889 3227 1037 3292 derebus
1051 3228 1186 3313 paganis
1202 3226 1439 3292 deliberaretur.

353 3334 445 3414 Quae
466 3337 547 3401 bene
567 3357 734 3420 possumus
755 3336 904 3422 persequi
924 3336 958 3400 in
990 3334 1115 3420 Oedipo
1147 3335 1288 3401 Coloneo
1317 3335 1351 3398 iu
1378 3354 1442 3418 qua
1543 3381 1544 3398 ,

353 3441 545 3528 Sophoclem
565 3443 709 3508 videmus
731 3445 781 3509 sui
801 3444 879 3529 pagi
900 3464 966 3508 non
985 3442 1081 3508 modo
1109 3443 1205 3508 situm
1234 3451 1441 3508 conaturam

354 3549 409 3614 sed
433 3552 528 3615 etiam
549 3549 709 3636 publicam
731 3551 951 3616 condicionem
972 3550 1152 3616 describere
1181 3573 1201 3616 a
1231 3572 1307 3616 suae
1327 3549 1441 3615 aetatis

420 3863 454 3931 ¹⁰)
473 3865 594 3918 Ceterum
612 3884 645 3918 ne
663 3866 731 3920 illud
749 3868 855 3936 quidem
874 3869 1048 3922 omittendum
1066 3875 1113 3934 est,
1131 3867 1202 3935 quod
1219 3867 1290 3935 ipsos
1304 3868 1353 3920 hos
1365 3868 1438 3932 dnos,

352 3949 465 4002 Dianam
483 3957 510 4004 et
527 3953 677 4020 Eupalium,
696 3955 824 4008 hocloco
842 3971 875 4006 ex
893 3956 1002 4008 deorum
1019 3972 1128 4008 numero
1147 3954 1236 4022 eligit,
1260 3955 1311 4005 hoc
1329 3956 1439 4007 fortem

353 4037 466 4103 pendere
484 4054 517 4089 ex
534 4053 565 4090 aa
582 4041 774 4092 consuetudine
786 4057 839 4107 qua
851 4031 947 4110 ἄρχον
961 4037 1140 4110 πολέμαρχος
1155 4036 1291 4108 Ἀρτέμιδι
1303 4037 1439 4114 ἀγροτέρᾳ

354 4129 380 4174 et
398 4122 511 4189 Enyalio
528 4126 670 4206 quotpnnis
688 4127 790 4178 solebat
812 4126 960 4177 sacrificare
979 4125 1056 4192 (Poll.
1075 4127 1146 4190 VIII,
1165 4127 1218 4191 91).
1255 4125 1394 4176 Praeterea
1410 4125 1438 4175 in

352 4208 410 4274 ipsa
427 4208 559 4261 Salamine
579 4211 667 4262 insula
684 4209 791 4278 Enyalii
809 4213 892 4264 luisse
911 4227 1014 4263 sacrum
1033 4212 1194 4264 Plutarchus
1214 4211 1279 4277 (Sol.
1297 4210 1326 4278 ⁹)
1347 4217 1440 4264 auctu

353 4300 394 4348 est
411 4293 456 4361 (cf.
475 4294 660 4348 Schneidewin
678 4297 712 4349 ad
730 4297 756 4348 h.
774 4296 814 4365 l.).
