3126 5176
661 415 699 480 31

132 621 219 677 statu
232 613 342 699 utique
352 613 538 700 profectum.
566 615 600 682 N
600 639 653 682 am
664 626 834 703 postquam
847 616 989 704 Oedipus
1001 618 1170 685 Furiarum
1181 619 1220 702 21)

130 719 242 785 fanum
264 722 426 806 ingressus
446 745 563 790 numen
592 725 742 808 violavit,
772 727 912 812 ipsorum
938 736 987 791 est
1009 725 1222 792 Coloneorum

130 827 305 894 diiudicare
327 829 402 914 quid
416 829 473 895 fiat
487 831 528 896 ad
543 825 718 918 δημούχων
732 837 826 899 θεῶν
842 833 941 916 (458),
964 855 1099 920 quorum
1118 837 1220 901 cultus
1284 906 1286 912 ,

129 935 276 1002 469-92
292 937 448 1003 coloribus
461 961 501 1004 ex
522 948 637 1025 poetae
653 951 759 1006 aetate
773 941 968 1026 depromptis
984 943 1220 1010 accuratissime

131 1043 330 1127 describitur,
353 1047 433 1110 iram
454 1047 644 1130 leniendam,
666 1049 707 1113 cf.
731 1049 768 1114 77
791 1071 861 1135 sqq.

280 1142 385 1219 αὐτοῦ
404 1154 483 1239 μέν’,
507 1138 612 1242 οὗπερ
632 1146 793 1243 κᾶφάνης,
815 1153 877 1234 ἕως
897 1150 964 1242 ἐγὼ

279 1275 351 1340 τοῖς
371 1257 486 1332 ἐνθάδ’
508 1254 622 1345 αὐτοῦ,
643 1259 687 1350 μὴ
707 1267 780 1332 κατ’
801 1255 893 1344 ἄστυ,
915 1258 1072 1350 δημόταις

279 1371 364 1451 λέξω
385 1365 457 1437 τάδ’
474 1366 597 1439 ἐλθών.
621 1371 691 1438 cl'ds
714 1366 776 1460 γὰρ
796 1377 945 1459 κρινοῦσι
968 1393 1021 1440 σοι

280 1477 309 1544 el
328 1473 391 1566 χρή
412 1498 448 1546 σε
468 1483 608 1565 μίμνειν,
630 1472 650 1567 ἢ
672 1476 878 1566 πορεύεσθαι
898 1475 1008 1547 πάλιν.

129 1587 181 1651 Ac
202 1596 328 1671 practer
349 1589 452 1673 ipsam
472 1611 541 1654 rem
561 1611 627 1654 non
649 1588 884 1674 neglegendum
899 1599 976 1674 puto
995 1609 1107 1653 vocem
1121 1583 1218 1674 δημό-

128 1717 188 1780 της
210 1716 279 1760 esse
301 1696 417 1760 Atticis
439 1697 630 1784 peculiarem
651 1698 917 1782 significationem
947 1718 1029 1782 quae
1058 1697 1134 1780 pagi
1161 1696 1216 1760 ali-

129 1803 217 1866 cuius
249 1814 411 1870 consortes
444 1805 610 1890 significet.
665 1806 819 1873 Similiter
850 1806 951 1890 δῆμος
986 1825 1058 1868 oum
1090 1803 1218 1868 insolita

127 1911 260 1975 notione
280 1913 351 1996 agri
372 1912 423 1976 vel
443 1912 553 1978 finium
574 1923 744 1999 usurpatur
764 1914 798 1976 in
819 1911 929 1976 Inach.
951 1911 990 1976 fr.
1012 1911 1083 1976 265.

211 2019 261 2084 Ac
281 2021 467 2106 priusquam
489 2020 529 2086 de
543 2021 677 2106 singulis
693 2023 810 2086 civium
826 2019 946 2086 iuribus
960 2019 1216 2105 muneribusque,

128 2148 211 2212 quae
238 2127 365 2213 quidem
395 2130 428 2193 in
458 2129 642 2215 Sophocleis
671 2129 787 2195 fabulis
818 2138 905 2194 tacta
937 2151 1007 2194 esse
1038 2127 1216 2211 videantur,

127 2234 334 2312 verbalium,
370 2259 443 2302 ere
465 2259 535 2302 esse
555 2237 681 2302 videtur
702 2237 742 2302 de
762 2239 809 2302 rei
833 2236 980 2324 publicae
1008 2235 1111 2300 forma
1139 2235 1216 2321 quid

126 2343 160 2406 in
181 2345 364 2409 universum
392 2351 489 2430 poeta
519 2344 707 2410 iudicaverit
734 2346 843 2430 paucis
872 2344 1100 2410 demonstrare.
1144 2341 1217 2421 Qua

127 2449 224 2516 dere
246 2473 318 2516 cum
340 2450 489 2518 Goecker
510 2474 540 2538 p.
563 2453 604 2518 29
624 2474 694 2538 sqq.
717 2453 818 2518 fusius
848 2452 1076 2538 disputaverit,
1106 2452 1215 2536 paucis

126 2579 198 2624 eam
219 2570 330 2645 potero
351 2559 516 2625 absolvere
538 2584 545 2624 :
574 2581 767 2646 quamquam
794 2582 858 2625 non
886 2560 1003 2626 desunt
1024 2581 1106 2644 quae
1127 2559 1215 2624 illum

125 2667 307 2734 fefellerint.

208 2777 317 2863 Atque
338 2777 497 2862 Sophocli,
525 2787 562 2843 ut
591 2786 659 2844 erat
688 2777 783 2843 homo
813 2799 889 2843 vere
916 2775 1139 2858 Atheniensis,
1171 2776 1217 2840 nil

125 2884 242 2948 mirum
263 2893 312 2950 est
332 2885 452 2950 nullam
472 2887 519 2951 rei
540 2885 687 2971 publicae
709 2886 845 2952 formam
867 2885 967 2950 videri
992 2883 1215 2971 perfectiorem

126 3013 223 3077 quam
243 2993 410 3077 imperium
430 2994 600 3079 populare,
632 3015 704 3058 cum
730 2995 853 3078 regium
883 2993 1051 3077 imperium
1073 2992 1216 3075 cogitare

124 3101 182 3164 vix
202 3103 304 3186 possit
335 3104 397 3168 nisi
425 3103 606 3190 tyrannidis
634 3103 740 3189 specie
771 3101 926 3168 indutum.
978 3099 1093 3187 Itaque
1121 3121 1214 3184 reges

124 3209 294 3294 Sophoclei
315 3232 380 3276 non
401 3221 476 3276 sunt
497 3211 653 3297 ποιμένες
675 3215 778 3291 λαῶν,
800 3209 856 3275 sed
878 3217 1088 3294 tyrannorum
1113 3208 1215 3272 instar

123 3317 250 3383 illorum
271 3320 325 3405 qui
356 3321 390 3384 in
421 3320 527 3384 multis
561 3319 718 3386 Graeciae
750 3317 933 3384 civitatibus
965 3316 1214 3380 dominationem

123 3425 328 3492 obtinuerant
356 3427 476 3492 nnllam
505 3427 609 3512 legem
635 3427 698 3491 nisi
726 3447 818 3490 suum
855 3422 1022 3490 arbitrium
1054 3422 1213 3505 secut122).

123 3533 328 3619 singularem
348 3543 455 3600 autem
476 3535 560 3599 inter
581 3533 725 3598 heroicos
746 3541 902 3618 tyrannos
923 3540 959 3595 ut
980 3530 1065 3615 apud
1085 3529 1212 3614 Euripi·

124 3641 198 3707 dem
224 3643 269 3707 ita
297 3642 382 3728 apud
404 3641 595 3728 Sophoclem
625 3639 770 3706 Theseus
801 3639 925 3704 obtinet
952 3638 1065 3702 locum.
1108 3636 1213 3716 Quem

124 3771 196 3814 cum
216 3751 297 3816 mira
318 3751 405 3816 fama
425 3750 527 3816 ferret
547 3749 709 3836 popularis
730 3747 978 3813 Atheniensium
999 3746 1124 3832 imperii
1144 3767 1213 3812 esse

123 3857 321 3925 conditorem
342 3862 419 3945 (quo
441 3858 575 3924 tendunt
590 3858 689 3948 ipsius
704 3857 803 3922 verba
818 3855 897 3920 Eur.
913 3855 1024 3941 Suppl.
1038 3853 1101 3919 403
1115 3853 1211 3939 sqq),

190 4131 225 4198 ²¹)
244 4133 317 4196 Quas
328 4133 434 4201 saepius
451 4139 528 4200 po‘eta
541 4133 659 4186 nominat
672 4131 794 4200 Σεμνὰς,
812 4130 917 4198 proprio
930 4130 1131 4182 Atheniensium
1145 4143 1211 4180 usus

120 4220 287 4286 cognomine,
304 4221 379 4271 velut
396 4221 426 4272 0.
445 4220 472 4270 C.
493 4218 551 4286 [41].
572 4222 613 4271 90.
631 4221 689 4270 458.
726 4217 767 4268 Δί.
787 4219 844 4268 837.
881 4217 921 4266 ΕΙ.
941 4218 997 4268 113.

190 4303 224 4376 ⁸¹)
244 4307 282 4358 Ol.
301 4323 326 4376 p.
345 4310 377 4358 20
395 4323 421 4357 n.
443 4310 487 4356 lt..
