3126 5176
667 417 708 482 65

16 665 17 668 ¹
136 621 202 685 525
223 620 318 705 sqq).
361 618 471 704 Atque
491 617 606 684 Trach.
628 619 690 683 278
713 640 760 704 sq.
789 619 875 703 quod
896 617 1030 703 Lichas,
1060 628 1231 705 postquam

137 727 180 792 de
201 725 299 812 Iphiti
320 725 416 792 caede
436 726 570 808 rettulit,
592 726 671 791 haec
692 726 783 791 addit

487 834 516 900 el
536 828 599 920 γὰρ
621 834 777 918 ἐμφανῶς
796 823 999 919 ἠμύνατο,

287 936 370 1019 Ζεύς
389 933 453 1008 cdv
474 942 622 1027 συνέγνω
650 935 725 1022 ξύν
754 943 849 1026 δίκη
875 942 1089 1029 χειρουμένῳ,

135 1051 298 1114 sententia
320 1058 369 1114 est
390 1049 469 1114 haec
491 1049 576 1132 fere,
608 1059 645 1113 ut
667 1048 771 1131 dicat,
801 1050 828 1113 si
850 1049 1006 1114 Hercules
1036 1049 1231 1134 digladiatus

136 1178 211 1220 cum
232 1155 349 1242 Iphito,
371 1157 391 1220 i.
407 1179 434 1221 e.
457 1179 492 1221 se
513 1157 554 1222 ab
575 1179 612 1221 eo
635 1156 820 1240 defendens,
843 1149 881 1221 ac
903 1177 968 1222 non
989 1156 1139 1221 insidiose
1160 1178 1233 1224 eum

136 1263 317 1345 occidisset,
339 1265 466 1328 veniam
488 1263 595 1330 caedis
616 1275 652 1328 ut
673 1265 776 1329 iustae
797 1264 838 1328 ab
860 1263 938 1329 Iove
960 1285 1032 1330 eum
1054 1265 1154 1329 fuisse
1175 1265 1232 1328 im·

136 1381 348 1458 patraturum.

222 1480 332 1564 Atque
352 1488 388 1542 ut
409 1479 502 1544 huius
523 1481 570 1544 rei
592 1479 689 1546 finem
711 1479 837 1562 faciam,
868 1479 1086 1545 discriminum
1107 1479 1234 1545 illorum

137 1609 222 1672 quae
243 1596 356 1671 postea
376 1586 462 1671 apud
484 1586 628 1652 Graecos
650 1588 734 1652 inter
757 1586 885 1652 diversa
912 1586 1018 1652 caedis
1045 1609 1167 1672 genera
1186 1589 1232 1651 vi·

136 1695 242 1758 dimus
262 1694 363 1758 fuisse
384 1696 568 1778 constituta,
597 1695 632 1759 in
652 1695 788 1760 Homeri
817 1695 1010 1759 carminibus
1041 1717 1107 1759 non
1136 1694 1232 1760 modo

137 1801 220 1868 nihil
241 1803 430 1884 invenimus,
451 1801 508 1866 sed
529 1823 593 1866 uno
615 1803 761 1888 exemplo
785 1803 925 1867 Patrocli
954 1824 1085 1886 prorsus
1108 1811 1233 1868 contra·

135 1911 221 1973 rium
249 1909 377 1974 videtur
404 1909 533 1995 probari
564 1910 619 1992 (cf.
642 1909 793 1976 Goecker
814 1932 844 1995 p.
865 1910 906 1974 56
927 1932 958 1974 n.
980 1911 1025 1993 2).
1068 1910 1153 1976 Utut
1174 1919 1233 1993 est,

137 2019 217 2102 quin
246 2026 366 2081 certam
394 2017 482 2082 illam
511 2018 595 2082 inter
625 2011 735 2100 φόνον
766 2011 922 2084 ἑκούσιον
951 2027 984 2082 et
1012 2007 1172 2084 decorietur
1201 2027 1235 2084 et

137 2125 269 2190 δίκαιον
290 2123 527 2189 distinctionem
558 2147 599 2189 ex
627 2127 691 2189 suis
720 2125 919 2210 temporibus
948 2133 1045 2211 potita
1066 2125 1233 2211 depromp-

138 2233 227 2314 serit,
249 2253 343 2296 nemo
366 2231 535 2298 dubitabit.

195 2375 198 2383 .
222 2339 338 2425 Neque
366 2341 469 2405 minus
498 2340 539 2406 ab
570 2340 717 2408 heroicae
747 2343 862 2408 aetatis
892 2342 1099 2427 simplicitate
1129 2342 1235 2406 aliena

138 2455 190 2511 est
204 2448 291 2511 notio
306 2441 515 2527 βουλεύσεως
537 2470 601 2534 qua
614 2458 728 2534 postea
743 2449 869 2514 videtur
883 2448 1059 2532 significari
1079 2448 1234 2534 impulsus

139 2553 182 2619 ad
197 2555 327 2620 caedem
341 2555 473 2620 alicuius
490 2556 737 2641 perpetrandam
747 2557 797 2640 ³⁹).
844 2559 954 2642 Atque
968 2577 1040 2621 cum
1056 2557 1232 2641 antiquitus

138 2660 277 2726 Athenis
309 2663 381 2748 lege
403 2665 561 2728 sancitum
581 2665 690 2748 fuisse,
724 2673 760 2728 ut
781 2673 892 2728 auctor
915 2664 1021 2730 caedis
1043 2663 1156 2728 eodem
1177 2663 1232 2728 ad-

16 2763 17 2856 }
137 2769 288 2834 ficeretur
316 2772 469 2856 supplicio
498 2781 595 2857 atque
622 2773 691 2857 ipse
711 2753 940 2854 homicidam),
970 2769 1154 2836 Andocides
1177 2769 1234 2854 (de

137 2886 234 2962 myst.
256 2877 311 2960 94)
332 2887 483 2962 testetur,
512 2901 647 2964 cumque
676 2900 718 2944 ne
739 2881 874 2944 aliorum
896 2877 1025 2964 quidem
1047 2879 1232 2963 quorumvis

138 2983 294 3050 scelerum
321 2984 555 3050 machinatores
585 2988 663 3051 satis
692 2995 816 3051 constet
844 2996 936 3051 extra
970 2985 1094 3070 culpam
1123 2985 1233 3067 fuisse,

138 3112 206 3156 non
227 3094 342 3157 mirum
364 3102 413 3158 est
434 3093 468 3157 in
498 3115 646 3158 sermone
676 3094 816 3164 iudiciali
837 3096 984 3160 notiones
1005 3086 1180 3174 βουλεύειν
1201 3102 1233 3157 et

137 3201 224 3284 χειρὶ
246 3193 445 3284 ἐργάζεσθαι
464 3202 601 3266 inveniri
622 3204 706 3266 inter
727 3225 762 3266 ee
777 3204 940 3288 oppositas
955 3202 1007 3267 vel
1022 3203 1128 3287 potius
1143 3203 1234 3266 iuxta

138 3308 271 3390 positas.
314 3310 345 3372 A
367 3329 430 3394 quo
459 3308 610 3394 loquendi
639 3332 699 3374 usu
725 3309 918 3394 Sophoclem
947 3311 1050 3374 elucet
1082 3308 1260 3402 pendere,¹

139 3435 212 3478 cum
233 3413 349 3478 Trach.
372 3415 431 3481 807
454 3415 587 3501 Hyllum
609 3417 712 3482 faciat·
729 3416 888 3482 dicentem

290 3527 440 3603 τοιαῦτα,
461 3528 575 3610 μῆτερ,
596 3526 699 3610 πατρὶ
728 3519 983 3606 deoderico&
1002 3523 1072 3610 ἐμῷ

289 3633 344 3696 καὶ
367 3633 486 3716 docio
507 3626 666 3719 ἐλήφθης.

208 3857 241 3926 ³⁰)
259 3861 349 3912 Altius
367 3861 436 3912 hauc
453 3877 508 3912 rem
526 3853 662 3929 repetendi
680 3863 725 3914 hic
745 3879 799 3914 non
816 3869 856 3913 est
872 3862 956 3913 locus.

208 3944 241 4012 ⁴⁰)
260 3948 346 4010 Quam
364 3948 448 4013 legem
467 3949 605 3999 transferri
623 3949 650 4000 in
669 3949 778 4000 heroica
795 3954 914 4014 tempora
933 3946 1027 4012 Oedipi
1045 3946 1093 3998 illa
1111 3947 1230 3999 oratione

141 4032 200 4098 (ΟΒ
218 4037 267 4082 224
279 4032 348 4098 sqq.)
366 4033 439 4085 haud
457 4033 588 4086 immerito
606 4035 640 4086 ab
658 4035 692 4085 iis
710 4035 816 4100 quidem
829 4035 936 4086 videtur
948 4033 1001 4086 diei
1014 4034 1061 4098 qui
1074 4051 1099 4084 v.
1114 4037 1162 4086 236
1175 4051 1233 4100 sqq.

140 4118 174 4168 ad
191 4124 326 4170 auctorem
346 4119 434 4170 caedis
446 4133 479 4170 ac
496 4135 549 4170 non
561 4119 694 4186 adipsum
707 4119 865 4186 parricidam
882 4119 967 4170 secuti
979 4119 1233 4172 Forchhammerum

140 4203 182 4269 (N.
201 4203 293 4255 Jahrb.
314 4206 354 4266 99,
373 4204 434 4270 613)
463 4211 589 4256 censeant
616 4221 672 4257 csse
699 4205 871 4258 revocandos.
917 4205 1083 4268 Quibuscum
1112 4221 1154 4255 me
1182 4221 1234 4256 non

140 4290 290 4341 consentire
308 4305 388 4356 supra
406 4286 620 4342 commemoravi.

907 4401 911 4412 ’
1013 4385 1032 4450 5
