3126 5176
663 457 703 524 te

585 547 784 555 —-—-—·-——·

138 663 286 730 habilitas
308 663 451 747 tangitur
472 661 587 726 Trach.
609 661 671 726 266
693 669 725 724 et
746 661 816 724 512.
862 660 1034 726 Praeterea
1065 659 1231 726 inveniun·
1266 677 1277 706 ³

137 783 189 837 tur
211 771 436 836 translationes
465 769 507 834 ab
537 779 606 833 arte
633 768 802 852 sagittaria
823 769 987 852 repetitae,
1010 777 1046 832 ut
1068 767 1129 834 ΟΒ
1153 769 1232 832 1196

138 877 447 964 sq.Ant.1033⁴⁸).
474 876 569 958 1084,
603 875 718 960 quibus
751 876 873 940 nullum
901 875 1033 940 subesse
1059 877 1126 941 eius
1155 877 1232 942 artis

139 995 357 1070 contemptum
378 1006 471 1050 nemo
493 965 561 1048 non
579 982 677 1048 videt.
727 983 803 1050 Uno
833 993 940 1048 tamen
968 983 1038 1048 loco
1059 983 1232 1048 Homerico

137 1116 202 1158 vox
223 1086 364 1178 τοξότης
384 1092 546 1158 maledicti
568 1092 638 1156 loco
660 1091 788 1156 videtur
814 1091 960 1176 usurpari
983 1111 990 1155 ε
1019 1111 1094 1154 nam
1121 1093 1151 1156 Λ
1171 1090 1234 1155 381)

138 1199 312 1266 Diomedes
333 1197 459 1265 Paridis
482 1201 601 1282 sagitta
621 1201 807 1264 vulneratus
836 1197 885 1262 his
907 1197 1014 1262 verbis
1036 1199 1070 1262 in
1092 1219 1163 1263 eum
1186 1198 1232 1261 in-

138 1309 264 1374 vehitur
293 1332 296 1338 ·

287 1409 421 1495 τοξότα,
444 1407 606 1500 λωβητὴρ,
628 1413 709 1502 κέρᾳ
730 1403 841 1496 ἀγλαὲ,
861 1419 1114 1498 παρθενοπῖπα.

137 1523 183 1588 At
202 1545 311 1588 eorum
332 1543 415 1607 quae
435 1521 529 1586 modo
552 1522 663 1607 attuli,
677 1531 713 1586 ut
734 1543 792 1605 par
813 1531 871 1602 est,
907 1520 1017 1585 habita
1047 1521 1172 1584 ratione
1199 1520 1232 1582 in

137 1630 198 1694 hoo
219 1629 388 1695 maledicto
411 1621 586 1694 consistere
609 1638 828 1713 contemptum
843 1629 921 1692 artie
936 1629 1124 1712 sagittariae
1138 1649 1232 1692 nemo

138 1722 253 1823 opinor
273 1737 521 1822 perseverabit:
552 1738 648 1800 immo
678 1737 756 1800 nihil
785 1737 847 1800 nisi
875 1737 1000 1800 animus
1033 1735 1232 1800 effeminatus

138 1845 350 1928 mollitiesque
372 1843 506 1926 Paridis,
529 1845 583 1927 qui
604 1843 699 1906 nullis
728 1845 826 1907 armis
855 1844 916 1906 uisi
944 1859 1021 1906 areu
1049 1844 1150 1927 possit
1175 1844 1244 1925 uti,

138 1953 199 2016 illis
221 1952 327 2016 verbis
349 1950 554 2015 acerbissime
575 1951 703 2014 videtur
723 1949 856 2014 irrideri.
901 1950 992 2029 Quae
1013 1951 1184 2034 explicatio
1206 1951 1233 2014 si

140 2060 190 2122 cui
220 2061 324 2122 minus
357 2056 532 2142 probabilis
563 2079 633 2121 esse
661 2057 806 2140 videtur,
833 2077 875 2122 ne
903 2059 934 2120 id
963 2057 1091 2142 quidem
1119 2058 1234 2121 iniuria

139 2165 258 2232 dixeris
279 2165 399 2250 aliquid
421 2164 560 2249 pendere
583 2165 669 2230 illam
691 2165 926 2248 sugillationem
956 2185 976 2228 a
997 2172 1113 2248 poetae
1133 2165 1233 2248 ipsius

139 2281 319 2358 temporum
341 2282 425 2336 statu
447 2272 562 2356 quibus
584 2271 711 2337 firmato
741 2275 825 2336 inter
846 2272 990 2338 Graecos
1019 2281 1051 2336 et
1080 2271 1233 2336 barbaros

139 2401 200 2443 nec
220 2381 325 2444 minus
347 2381 430 2444 inter
451 2379 590 2464 hoplitae
613 2389 646 2444 et
667 2380 781 2444 leviter
809 2389 950 2444 armatos
980 2379 1161 2444 discrimine
1182 2401 1234 2444 ars

139 2488 308 2570 sagittaria
340 2489 479 2572 coeperit
512 2489 622 2552 venire
654 2489 685 2550 in
722 2488 1003 2571 contemptionem.
1057 2485 1142 2553 Utus
1175 2496 1233 2569 est,

139 2593 305 2679 Sophoclis
337 2596 382 2658 illi
415 2596 484 2660 loco
515 2595 584 2678 (At.
618 2595 711 2676 1120)
743 2595 908 2678 uolgarem
940 2593 1072 2659 euboeae
1104 2615 1233 2658 suorum

139 2703 320 2786 aequalium
341 2701 380 2766 de
401 2712 471 2766 arte
492 2701 661 2786 sagittaria
684 2703 866 2785 opinionem
881 2721 974 2766 nsmc
989 2721 1055 2766 non
1070 2701 1232 2774 concedet,

222 2809 288 2874 Sed
310 2831 391 2891 cum,
414 2818 568 2894 quantum
592 2808 703 2894 profici
724 2819 833 2893 posset
855 2810 977 2874 eminus
995 2809 1178 2894 pugnando,
1201 2810 1234 2872 in

139 2915 225 2982 bello
239 2916 510 3002 Peloponnesiaco
526 2915 740 2981 Athenienses
755 2915 951 3000 didicissent,
979 2917 1235 2982 increbrescente

139 3024 243 3106 magis
258 3025 424 3110 magisque
438 3024 498 3088 hac
512 3014 677 3108 pugnandi
691 3024 815 3088 ratione
830 3024 950 3088 factum
964 3033 1024 3108 eet,
1046 3033 1082 3089 ut
1096 3025 1235 3090 maxime

139 3129 214 3194 iude
235 3129 276 3193 ab
298 3131 501 3215 expeditione
521 3132 575 3196 illa
596 3123 640 3194 X
652 3131 773 3194 milium
802 3153 820 3194 a
841 3129 1059 3216 Xenophonte
1087 3142 1234 3218 suscepta

140 3238 256 3301 milites
277 3239 356 3302 levis
378 3247 559 3302 armaturae
583 3241 615 3301 in
639 3237 837 3303 Graecorum
865 3239 1057 3304 exercitibus
1078 3241 1234 3305 tantidem

139 3344 208 3409 fere
228 3347 474 3410 aestimarentur
495 3347 606 3428 quanti
630 3348 714 3410 acies
737 3346 939 3431 hoplitarum.
983 3347 1234 3412 Atheniensibus

139 3460 247 3516 antem
269 3461 396 3516 constat
417 3453 520 3536 prima
541 3473 582 3516 ex
603 3452 687 3516 illius
701 3453 838 3518 militum
853 3455 980 3538 generis
994 3477 1054 3518 usu
1068 3454 1236 3519 commoda

138 3557 335 3623 redundasse
364 3559 500 3623 victoria
526 3560 559 3622 in
581 3559 773 3644 Sphaeteria
802 3561 906 3626 insula
933 3583 954 3626 a
973 3561 1234 3626 Lacedaemoniis

139 3675 331 3749 reportata:
364 3688 428 3752 quo
467 3675 503 3732 ut
539 3667 621 3731 levis
659 3679 841 3734 armaturae
873 3669 989 3734 milites
1022 3670 1234 3752 mitterentur,

141 3772 307 3838 Oleontem
334 3773 419 3838 haud
448 3776 633 3859 ignoramus
662 3775 843 3859 perfecisse.
892 3775 1008 3861 Itaque
1039 3775 1138 3860 quod.
1156 3775 1245 3840 llus.v

139 3879 237 3944 Herc.
260 3880 320 3945 fur.
345 3881 404 3946 188
424 3903 495 3966 sqq.
527 3883 665 3946 occurrit
692 3881 889 3947 abundantia
917 3883 1075 3968 quaedam
1104 3882 1234 3947 laudum

208 4142 241 4210 ⁴⁸)
261 4147 319 4196 Hoc
336 4145 395 4196 loco
419 4163 471 4197 non
497 4149 583 4200 minus
607 4165 687 4214 quam
713 4149 808 4200 Traoh.
829 4152 879 4201 266
897 4149 929 4200 de
948 4165 980 4201 ea
997 4149 1120 4201 heroicae
1138 4149 1232 4200 aetatis

140 4232 331 4284 consuetudine
348 4232 455 4284 videtur
472 4235 583 4300 cogitari
601 4251 654 4300 qua
676 4237 742 4286 artis
760 4236 914 4302 sagittariae
932 4243 1067 4287 certamen
1084 4243 1143 4287 erat
1162 4235 1232 4286 inter

140 4315 280 4368 sollemnes
298 4315 410 4385 ἀγῶνας
427 4319 591 4387 γυμνικούς.
609 4393 612 4399 1
