3126 5176
620 477 660 541 37

78 683 167 759 post
188 674 305 739 Thesei
335 697 470 758 regnum
501 676 588 740 fama
615 675 740 740 ferebat
762 699 831 741 esse
852 677 1039 742 institutam.
1084 678 1181 744 Cuius

78 784 135 846 rei
159 783 281 867 plura
273 750 305 846 rh
328 783 437 848 eadem
462 783 521 849 00
543 793 655 848 extant
669 793 741 847 vest
742 785 817 866 igia.
860 783 1004 849 Theseus
1020 787 1103 851 enim
1117 808 1182 850 non

80 889 188 954 modo
212 891 300 974 (558)
322 891 363 955 ab
386 891 516 956 advenis
540 892 664 976 quaerit
689 913 846 976 quaenam
867 893 906 955 iis
928 893 969 956 sit
991 915 1087 959 causa
1107 895 1180 959 ciui-

80 999 153 1061 tati
173 1007 205 1062 et
227 999 288 1063 sibi
310 1001 370 1083 ipsi
392 999 601 1084 supplicandi,
624 1009 656 1064 et
678 999 738 1064 758
753 1022 799 1085 sq.
823 1022 877 1064 eos
891 1009 1009 1084 monet,
1030 1011 1066 1065 ut
1080 1003 1179 1078 Athe·

81 1108 250 1170 niensium
272 1107 396 1172 ον’νίίαίί
414 1107 621 1191 benignitatis
644 1109 782 1192 gratiam
803 1107 953 1187 habeant,
976 1109 1031 1172 sed
1054 1131 1083 1174 v.
1101 1110 1178 1174 1531

82 1214 130 1278 ab
156 1213 282 1298 Oedipo
303 1216 456 1279 morituro
478 1237 627 1280 arcanam
652 1215 739 1280 illam
760 1237 828 1280 rem
851 1217 972 1300 (agitur
1002 1217 1041 1282 de
1064 1217 1181 1303 Oedipi

87 1323 271 1406 sepulcro),
303 1324 329 1387 si
357 1325 426 1408 ipse
455 1346 473 1388 e
501 1325 568 1388 vita
597 1325 638 1388 sit
667 1324 870 1407 decessurus,
907 1324 1034 1391 iubetur
1062 1327 1181 1390 nemini

87 1429 217 1494 deferre
239 1432 300 1495 nisi
320 1436 370 1516 τῷ
390 1425 624 1516 προφερτοίτῳ,
648 1434 701 1516 qui
723 1442 796 1517 post
818 1434 884 1496 eius
906 1442 1041 1497 mortem
1055 1454 1180 1519 rempu-

87 1538 206 1602 blicam
229 1541 271 1603 sit
292 1538 526 1622 gubernaturus
549 1563 556 1603 :
580 1561 644 1624 qua
669 1541 831 1605 locutione
863 1563 934 1605 cum
964 1563 1068 1626 neque
1098 1542 1181 1607 filius

89 1648 249 1711 maximus
270 1658 348 1712 natu
370 1669 473 1734 neque
497 1649 626 1712 omnino
656 1649 739 1714 filius
761 1671 890 1714 necesse
912 1651 953 1713 sit
974 1648 1180 1734 significetur,

89 1755 238 1819 consulto
259 1763 356 1840 poe'ta
382 1755 509 1820 videtur
539 1779 614 1820 usus
643 1778 712 1820 esse
743 1767 810 1820 tam
838 1757 996 1841 generali,
1025 1779 1066 1821 ne
1094 1758 1180 1822 illam

87 1861 198 1945 legem
220 1861 362 1948 Oedipus
385 1863 546 1927 videretur
560 1865 712 1948 temporis
726 1865 883 1948 angustiis
897 1863 1059 1929 includere
1073 1864 1181 1929 futura

86 1969 212 2034 liberae
233 1969 425 2055 reipublicae
446 1980 550 2034 aetate
572 1981 720 2055 exempta
731 1972 783 2054 24).

175 2076 284 2163 Atque
293 2077 508 2143 Athenienses
523 2100 595 2142 cum
608 2089 695 2143 recte
709 2079 931 2162 intellegerent
945 2101 1010 2143 non
1022 2081 1131 2145 tamin
1143 2102 1180 2145 eo

89 2206 248 2250 summam
270 2187 407 2250 civitatis
427 2188 563 2271 positam
587 2209 656 2250 esse
671 2185 756 2271 quod
771 2188 941 2272 unicuique
954 2189 1181 2273 rempublicam

89 2295 202 2358 liceret
223 2315 388 2379 capessere
411 2316 506 2380 quam
528 2296 560 2358 in
576 2317 613 2358 eo
629 2294 713 2380 quod
736 2297 855 2379 pariter
870 2317 980 2361 omnes
997 2298 1064 2362 iure
1082 2296 1182 2362 libere

89 2401 244 2486 loquendi
264 2402 435 2488 legumque
457 2403 614 2488 praesidio
636 2412 810 2486 uterentur,
833 2403 1034 2488 Sophoclem,
1058 2413 1092 2468 ut
1114 2415 1182 2470 erat

90 2510 216 2595 patriae
245 2511 491 2592 amantissimus,
521 2510 600 2574 haec
621 2512 745 2595 imperii
772 2513 935 2596 popularis
963 2511 1180 2596 fundamenta,

90 2617 264 2700 ἰσονομίαν
294 2627 326 2682 et
346 2617 516 2703 ἰσηγορίαν
544 2619 595 2682 vel
624 2620 827 2704 παρρησίαν,
860 2629 893 2683 et
920 2621 1024 2704 ipsum
1055 2608 1182 2706 quoque

92 2727 207 2789 summi
227 2727 415 2789 aestimasse
438 2725 531 2790 facile
550 2726 754 2809 intellegitur.
807 2729 857 2790 Ac
885 2729 1022 2812 primum
1053 2727 1181 2813 quidem

93 2833 132 2896 ad
155 2832 329 2917 ἰσονομίαν
350 2833 435 2918 quod
458 2835 582 2917 attinet,
604 2833 644 2898 de
666 2836 736 2918 ipsa
756 2835 863 2919 legum
885 2836 1077 2900 auctoritate
1105 2835 1180 2921 quid

95 2941 267 3026 Sophocles
289 2943 433 3024 senserit,
455 2943 565 3028 paucis
595 2943 748 3027 exemplis
777 2943 854 3007 mihi
882 2953 931 3007 est
960 2943 1180 3008 demonstran·

93 3047 177 3112 dum.
220 3049 266 3113 At
253 3059 329 3134 tque
358 3049 486 3114 heroica
515 3059 621 3114 aetate
649 3041 803 3136 ἄγραπτα
830 3051 884 3115 illa
913 3041 1067 3137 κάσφαλῆ
1087 3056 1182 3118 θεῶν

93 3150 215 3240 νόμιμα
237 3179 319 3242 quae
341 3149 381 3224 οὔ
402 3181 435 3222 τι
456 3162 518 3224 νῦν
538 3182 574 3243 γε
595 3148 731 3242 κάχθὲς,
753 3148 824 3224 ἀλλ’
845 3148 898 3224 αἐί
919 3183 1004 3224 ποτε
1026 3164 1065 3244 ζῆ
1088 3161 1179 3242 (Ant.

92 3265 154 3328 454
174 3287 256 3350 sqq,
278 3266 466 3352 quibuscum
489 3267 529 3332 cf
553 3267 613 3333 ΟΒ
635 3267 696 3332 865
718 3288 788 3352 sqq.
811 3266 870 3332 00
896 3267 1180 3348 1382.El.1095)

94 3373 162 3436 sola
191 3373 330 3458 quodam
360 3374 455 3438 modo
493 3375 591 3439 fuisse
619 3376 666 3438 rei
701 3374 847 3459 publicae
875 3374 1076 3440 firmamenta
1103 3377 1181 3439 satis

94 3482 211 3566 elucet,
245 3484 271 3546 si
304 3484 406 3567 ipsam
436 3481 598 3547 heroicam
630 3482 858 3567 rempublicam
886 3485 1073 3568 respicimus
1103 3483 1182 3547 nihil

94 3589 191 3654 fuisse
211 3591 271 3654 nisi
294 3591 479 3655 societatem
501 3590 661 3675 quandam
683 3611 746 3675 qua
760 3593 904 3674 gentium
923 3594 1023 3656 maior
1036 3593 1181 3655 minorve

95 3719 242 3762 numerus
263 3698 435 3763 admodum
456 3699 529 3762 laxe
552 3708 620 3762 erat
643 3701 839 3763 coniunctus.
883 3698 998 3784 Itaque
1027 3701 1180 3764 cumillis

97 3806 290 3890 temporibus
313 3829 372 3871 nec
393 3807 485 3871 firma
506 3817 591 3871 esset
614 3808 660 3870 rei
681 3806 827 3891 publicae
856 3809 938 3871 ratic
967 3829 1071 3892 neque
1098 3808 1181 3872 ullae

95 3922 218 3998 praeter
241 3912 365 3978 divinas
386 3914 454 3979 illas
475 3916 563 3998 leges
585 3915 776 3998 singulaque
797 3935 879 3999 quae
905 3915 945 3978 ad
967 3915 1108 3998 singulas
1130 3937 1180 3978 res

96 4021 281 4106 spectabant
302 4023 453 4107 principis
484 4023 588 4087 edicta
616 4022 704 4105 leges
733 4021 859 4106 publice
888 4032 994 4085 essent
1024 4021 1179 4101 conditae,

95 4129 169 4192 Ant.
177 4127 239 4193 368
247 4151 291 4215 sq.
302 4130 386 4215 quod
400 4151 551 4214 expresse
559 4139 770 4214 segregantur
782 4129 927 4214 publicae
937 4130 1024 4210 leges
1036 4152 1056 4193 a
1065 4129 1180 4193 divinis

162 4353 193 4423 ¹⁴)
214 4358 252 4410 Cf.
271 4360 441 4413 Bellermann
458 4361 492 4411 ad
509 4361 534 4411 h.
552 4362 569 4412 1.
