3126 5176
646 489 683 557 17

563 583 761 590 ¹-.—..-------—

317 688 520 779 αἱμόρραντον
540 685 751 777 κούρειον
770 681 877 779 ᾑρέθη
896 685 1016 758 πόλει·

119 824 192 866 cum
213 803 341 887 proprie
363 823 440 866 voce
453 796 610 886 κούρειον
624 801 678 866 illa
691 801 798 866 hostia
811 801 1018 885 significetur,
1040 799 1203 866 Ellendtio

119 912 194 993 (lex.
218 909 316 995 Soph.
340 931 364 974 s.
387 931 417 972 v.
439 903 608 994 ταύρειον)
631 909 844 974 concedimus.

191 1018 369 1100 Peregrini
389 1026 496 1082 autem
525 1016 650 1102 publice
680 1018 811 1081 civitate
832 1016 942 1081 donati
964 1017 1208 1104 (δημοποίητοι,

118 1119 204 1190 κατὰ
225 1120 378 1211 ψήφισμα
400 1125 552 1208 πολῖται)
573 1145 645 1188 cum
666 1126 727 1210 ipsi
749 1125 899 1210 phratriie
913 1147 979 1188 non
993 1123 1209 1190 adscriberen-

119 1243 189 1318 tur,
221 1235 317 1318 plena
349 1235 479 1298 civitate
509 1232 590 1297 adeo
622 1253 687 1296 non
718 1232 909 1315 utebantur,
946 1243 981 1297 ut
1013 1243 1124 1298 contra
1155 1243 1210 1298 aut

119 1341 343 1406 archontatnm
364 1352 419 1406 ant
441 1340 620 1406 sacerdotia
640 1350 749 1426 petere
771 1342 890 1405 nemini
911 1341 1022 1406 liceret
1037 1343 1115 1427 quin
1131 1341 1209 1404 civis

119 1459 204 1514 esset
225 1471 265 1514 ex
286 1451 354 1514 avia
375 1438 564 1536 (Ἀθηναῖος
585 1446 798 1535 ἑκατέρωθεν
824 1449 862 1515 ἐκ
889 1451 1057 1535 τριγονίας
1079 1449 1158 1513 Ροίί.
1180 1449 1210 1532 8,

118 1556 184 1642 85).
238 1557 333 1637 Quod
370 1557 529 1622 recordati
569 1557 645 1644 quid
674 1559 826 1623 miramur
855 1567 1008 1643 tanquam
1040 1556 1209 1642 proverbio

120 1666 281 1730 bominem
302 1665 437 1730 obscuro
458 1666 529 1730 loco
549 1676 660 1730 natum
683 1654 720 1743 ὃς
742 1656 821 1732 οὐδὲ
851 1667 898 1744 είς
929 1667 1045 1750 τρίτον
1065 1659 1210 1730 πάππον

119 1763 310 1858 ἀνενεγκεῖν
342 1771 408 1858 ἔχει
439 1767 480 1838 τὸ
511 1773 607 1859 γένος
640 1773 737 1858 (Plat.
765 1774 899 1840 Theaet.
934 1773 1055 1856 1741e)
1087 1793 1209 1837 summo

121 1901 194 1944 cum
216 1891 399 1966 contemptu
420 1881 599 1966 adpellari?
641 1881 739 1948 Unde
769 1883 875 1947 nescio
905 1899 947 1946 an
976 1880 1115 1966 pendeat
1135 1901 1210 1944 usus

122 1989 289 2054 locutionis
309 1991 484 2074 τρίδοοίος
504 1991 537 2054 in
561 1989 622 2055 ΟΒ
645 1991 724 2055 1063
747 2013 755 2055 :

270 2091 310 2163 ob
330 2097 392 2182 μὲν
411 2091 473 2183 γὰρ
496 2087 566 2164 odo
588 2090 648 2163 ἐὰν
668 2091 735 2183 ἐγώ
755 2097 786 2163 'x
806 2098 961 2183 τρίτης

269 2199 427 2291 μητρὸς
456 2209 552 2288 φανῶ
579 2207 829 2290 τρίδουλος,
860 2205 988 2290 ἐπιφανῇ
1009 2198 1112 2290 κακή,

122 2312 178 2376 nbi
198 2311 293 2396 fingit
314 2311 458 2398 Oedipus
480 2335 513 2377 se
536 2333 605 2377 ease
627 2333 755 2377 servum
769 2311 807 2378 ἐκ
821 2315 998 2399 τριγονίας,
1021 2314 1041 2376 i.
1058 2333 1084 2377 e.
1099 2312 1210 2376 bumil-

122 2419 197 2485 limo
218 2421 287 2485 loeo
310 2431 421 2485 natum
442 2444 450 2485 ε
473 2423 591 2506 quoin
613 2423 756 2485 convicio
789 2432 910 2507 quante
939 2422 1016 2485 insit
1043 2420 1093 2483 vis
1113 2427 1212 2503 atque

122 2529 297 2613 acerbitas,
333 2539 518 2614 comparata
548 2529 602 2594 illa
633 2551 716 2614 quae
744 2529 883 2594 Athenis
919 2524 1047 2593 valebat
1080 2527 1212 2590 notione

82 2679 84 2684 -
121 2639 290 2723 τριγονίας
312 2637 453 2723 perbene
473 2636 671 2701 inlustratur.

204 2746 314 2831 Atque
335 2745 435 2830 spurii
456 2745 501 2808 illi
523 2737 654 2827 (νόθοι)
677 2745 731 2830 qui
754 2765 794 2808 ex
823 2743 893 2808 cive
921 2742 1099 2808 concubina
1119 2749 1211 2806 erant

121 2855 191 2918 nati
210 2875 276 2918 non
296 2853 392 2918 modo
412 2854 445 2916 in
467 2853 536 2916 iure
556 2852 706 2917 familiari
726 2851 783 2916 aed
805 2853 901 2916 etiam
927 2853 961 2915 in
982 2853 1051 2915 inre
1071 2850 1209 2936 publico,

122 2961 184 3024 nisi
212 2983 232 3025 a
252 2970 343 3046 patre
364 2961 397 3024 in
418 2959 593 3044 phratriam
617 2969 709 3024 erant
737 2959 897 3044 adoptati,
933 2959 1083 3024 inferiore
1114 2978 1210 3042 quam

122 3062 250 3154 γνήσιοι
279 3069 329 3133 usi
359 3091 429 3133 ease
457 3067 608 3132 videntur
631 3067 846 3134 condicione:
878 3089 983 3152 neque
1012 3068 1096 3132 enim
1126 3067 1209 3152 quis-

123 3195 220 3261 quam
248 3186 374 3261 praeter
409 3169 654 3262 δημοποιήτονς
686 3177 719 3239 in
747 3169 957 3262 ληξιαρχικὸν
986 3187 1211 3260 γραμματεῖον

122 3283 355 3348 inscribebatur
376 3285 453 3370 quin
475 3283 638 3369 phratriae
659 3294 755 3349 antea
769 3294 853 3348 esset
867 3283 1048 3368 adscriptus
1057 3284 1106 3366 ¹⁰).
1141 3282 1211 3348 Nec

123 3393 236 3476 magis,
265 3394 291 3456 si
317 3393 387 3478 quis
410 3392 616 3458 Atheniensis
643 3393 845 3477 peregrinam
875 3391 1010 3458 duxerat
1040 3393 1074 3455 in
1103 3392 1210 3455 matri-

124 3499 280 3584 monium,
307 3499 388 3564 lilios
417 3497 492 3564 inde
528 3500 679 3565 oriundos
717 3509 966 3565 consentaneum
995 3510 1043 3565 est
1073 3500 1209 3564 civitatis

123 3607 222 3671 foisse
243 3609 423 3692 participes,
446 3629 518 3671 oum
539 3608 603 3672 tale
624 3609 861 3672 matrimonium
891 3627 932 3672 ne
954 3609 1058 3694 ipsum
1081 3606 1211 3693 quidem

124 3713 295 3779 haberetur
314 3735 371 3800 pro
393 3713 546 3798 legitimo.
588 3714 704 3800 Itaque
726 3737 798 3781 cum
819 3715 954 3781 eandem
972 3716 1040 3780 sere
1055 3724 1211 3778 utrorum·

125 3843 189 3908 que
209 3824 299 3908 origo
320 3823 353 3886 in
374 3824 443 3887 iure
463 3823 590 3908 publico
605 3825 670 3888 vim
684 3823 826 3908 baberet,
848 3825 965 3889 locutio
979 3817 1086 3898 νόθος
1100 3839 1209 3906 quam·

125 3930 174 3993 vis
195 3931 272 3994 iuris
298 3929 461 3995 familiaris
487 3931 616 4016 propria
647 3932 778 3995 iniuria
800 3931 918 4017 publici
940 3931 1124 3996 sollemnem
1146 3950 1210 3992 ser·

194 4203 228 4270 ¹⁰)
245 4204 307 4256 scio
323 4219 380 4256 esse
396 4205 443 4270 qai
460 4205 563 4272 spurios
580 4213 706 4259 maeant
731 4207 782 4258 atsi
807 4221 860 4257 non
882 4204 1008 4272 phratriia
1026 4209 1117 4256 tamen
1135 4201 1211 4268 pagis

123 4289 270 4355 admriptoa
287 4305 371 4354 eoque
393 4291 466 4374 cives
482 4291 586 4343 luisse:
611 4307 692 4358 quam
712 4293 869 4344 mutantium
886 4297 917 4342 ut
936 4305 1021 4342 meam
1039 4289 1139 4340 faciam
1156 4304 1210 4338 non

124 4387 232 4442 possum
249 4391 269 4427 a
283 4391 325 4427 ma
342 4377 492 4444 impanare.

995 4471 1014 4532 2
