3126 5176
646 489 682 557 13

112 716 306 781 quamquam
336 693 543 780 Sophoclem,
574 715 645 758 cum
674 695 777 776 magis
808 712 904 777 quam
933 691 980 757 illi
1007 692 1106 777 ipsius
1128 693 1205 756 artis

112 805 219 888 gratia
241 802 404 887 scriberet,
426 825 446 866 a
467 823 597 866 suorum
616 801 797 886 aequalium
819 801 887 864 vita
910 809 942 864 et
957 799 1098 864 moribus
1113 799 1208 864 facile

112 921 247 998 apparet
267 913 407 976 animum
429 911 584 975 avertisse
605 910 646 974 ad
663 911 760 994 ipsius
775 908 923 973 heroicae
938 909 1052 973 aetatis
1067 907 1206 972 indolem

113 1041 210 1106 quam
231 1021 301 1085 tota
320 1027 428 1085 mente
449 1027 748 1104 repeteret-tamen
772 1019 826 1103 qui
847 1038 977 1103 prorsus
1006 1015 1085 1081 nihil
1106 1017 1205 1101 suspi-

113 1138 205 1193 catur
224 1129 361 1192 inveniri
383 1129 416 1191 in
438 1126 625 1212 Sophocleis
648 1127 763 1190 fabulis
786 1125 871 1211 quod
900 1125 941 1189 ad
962 1125 1205 1190 Atheniensium

112 1258 219 1301 mores
242 1245 274 1300 et
298 1236 447 1299 instituta
476 1235 518 1298 sit
548 1233 767 1316 referendum,
797 1255 869 1298 eum
898 1235 1001 1298 elucet
1025 1233 1145 1297 versari
1173 1234 1205 1296 in

113 1366 244 1408 errore:
268 1345 365 1407 immo
386 1342 472 1407 haud
493 1341 662 1408 mediocris
685 1343 780 1406 etiam
803 1341 887 1426 apud
903 1341 1096 1428 Sophoclem
1115 1340 1207 1405 nobis

114 1452 252 1516 occurrit
271 1522 275 1528 x
295 1452 406 1514 talium
438 1451 707 1535 significationum
740 1473 899 1516 numerus.
952 1449 1038 1516 Nam
1070 1451 1206 1536 primum

113 1560 296 1644 Aeschylos
315 1559 441 1624 ratione
462 1559 709 1624 Atheniensium
730 1560 828 1624 animi
850 1561 896 1624 ita
911 1569 1002 1624 erant
1016 1559 1206 1645 praeparati,

114 1678 152 1732 ut
172 1667 339 1752 tragoedia
360 1668 393 1732 in
416 1689 479 1752 qua
501 1667 582 1732 nihil
603 1667 688 1753 quod
710 1667 784 1731 illuc
805 1677 967 1750 spectaret
981 1688 1116 1752 usquam
1138 1675 1206 1730 tan-

114 1785 246 1861 geretur
275 1777 331 1838 vix
362 1785 471 1860 posset
509 1777 674 1860 cogitari:
707 1774 822 1840 deinde
854 1774 1029 1860 Sophocles
1062 1777 1208 1860 quamvis

114 1892 256 1948 remotus
278 1885 385 1948 avita
407 1885 492 1948 civili
513 1893 620 1949 tamen
649 1884 729 1949 adeo
759 1893 827 1948 crat
857 1883 952 1948 homo
974 1905 1050 1948 vere
1072 1883 1205 1947 Atheni·

116 1992 201 2056 ensis
223 1991 393 2077 fautorque
414 1994 539 2078 imperii
560 1993 732 2078 popularis,
761 2002 797 2056 ut
825 2014 889 2056 non
920 1991 1032 2074 modo,
1062 1991 1094 2056 id
1122 1991 1208 2076 quod

116 2101 147 2164 ei
167 2101 317 2164 convenit
339 2123 411 2164 cum
426 2100 588 2186 Aeschylo
610 2111 643 2166 et
656 2101 820 2186 Euripide,
842 2101 951 2164 oblata
970 2103 1227 2192 opportunitate·

114 2209 254 2294 patriam
276 2209 407 2294 eiusque
429 2210 563 2274 virtutes
591 2209 738 2274 laudibus
769 2209 952 2292 extolleret,
983 2208 1039 2274 scd
1069 2217 1207 2293 praeter-

115 2337 213 2401 quam
235 2315 320 2401 quod
350 2328 426 2380 suae
456 2319 572 2382 aetatis
600 2339 704 2382 mores
734 2339 964 2402 nonnunquam
993 2316 1139 2381 adhibuit
1168 2315 1208 2380 ad
1283 2339 1284 2342 ¹

114 2445 167 2487 res
197 2425 360 2508 graviores
397 2434 614 2510 spectatorum
643 2426 881 2509 intellegentiae
911 2424 1208 2508 accommodandas,

115 2533 242 2616 saepius
265 2534 356 2617 quasi
378 2533 516 2598 insciens
538 2535 587 2597 sui
609 2533 727 2598 sacculi
748 2535 912 2618 ingenium
935 2543 967 2598 et
986 2555 1090 2598 mores
1107 2533 1208 2596 heroi·

115 2639 161 2702 cis
184 2640 381 2725 temporibus
403 2642 584 2726 inspiraret.
628 2640 714 2720 Quin
730 2642 826 2706 etiam
840 2642 1045 2706 inveniuntur
1062 2641 1208 2726 quamvis

115 2747 300 2831 paucissimi
320 2749 353 2811 in
375 2747 562 2833 Sophocleis
585 2748 702 2813 fabulis
723 2748 784 2812 loci
806 2749 921 2835 quibus
936 2771 1037 2814 novas
1054 2749 1209 2834 quasdam

118 2863 150 2918 et
171 2875 252 2938 quae
273 2878 293 2919 a
313 2857 439 2940 volgari
463 2855 503 2922 de
524 2878 650 2944 quaque
678 2880 714 2921 re
745 2859 894 2942 opinione
923 2857 1117 2922 abhorreant
1139 2879 1210 2922 sen·

118 2963 234 3026 tentiae
271 2971 367 3047 poeta
407 2963 534 3028 videtur
574 2987 646 3029 cum
677 2965 910 3050 spectatoribus
946 2967 1208 3031 communicare:

116 3067 201 3132 unde
222 3069 388 3152 discimus,
418 3074 563 3157 quamvis
592 3074 731 3138 maxime
761 3095 891 3158 operam
923 3073 1046 3138 dederit
1076 3074 1211 3138 uttalia

116 3177 261 3260 evitaret,
285 3189 505 3264 tamencum,
535 3191 571 3244 ut
600 3191 670 3246 erat
699 3181 793 3245 homo
816 3203 1008 3267 suorumque
1031 3191 1211 3266 temporum

118 3285 248 3368 ingenio
272 3286 444 3372 subjectus,
467 3310 532 3352 non
554 3291 696 3374 potuisse
717 3311 821 3354 novae
842 3289 926 3354 illius
942 3290 1105 3355 doctrinae
1121 3291 1210 3355 cuius

117 3390 287 3476 Euripides
311 3395 588 3480 eloquentissimus
611 3397 671 3462 fuit
693 3399 851 3482 interpres
873 3399 978 3482 vigori
992 3421 1030 3462 ac
1045 3408 1207 3463 momento

117 3501 229 3584 utiquc
250 3523 319 3566 sese
341 3504 472 3588 eripere.
516 3503 580 3570 Sed
609 3513 832 3590 praeterquam
861 3505 947 3590 quod
977 3527 1107 3590 perraro
1129 3507 1209 3570 eius-

115 3607 205 3672 modi
227 3611 405 3675 sententiac
428 3633 510 3696 quae
532 3612 738 3697 Euripideam
762 3614 831 3676 sine
853 3612 950 3676 dubio
974 3615 1101 3698 sapiant
1114 3615 1209 3678 ratio·

115 3737 191 3780 nem
217 3718 250 3780 in
270 3717 456 3804 Sophocleis
487 3719 603 3784 fabulis
632 3732 819 3804 occurrunt,
849 3743 921 3784 cum
949 3721 1109 3806 videmus,
1140 3743 1211 3786 cum

119 3824 251 3889 minime
272 3824 306 3890 id
327 3826 464 3908 studeat,
486 3837 522 3892 ut
543 3850 688 3914 quaeque
710 3829 942 3915 spectatoribus
957 3832 1067 3916 utique
1081 3853 1211 3916 persua·

119 3931 203 4016 deat,
225 3955 389 4020 nunquam
411 3937 457 4000 uti
478 3935 657 4001 artificiosis
679 3937 740 4000 illis
770 3945 803 4001 et
830 3938 967 4022 copiosis
994 3938 1209 4003 ratiocinatio·

115 4039 210 4104 nibus
233 4049 314 4126 quae
336 4043 500 4128 Euripidis
523 4065 620 4130 supra
641 4045 851 4109 demonstrari
873 4067 945 4109 esse
966 4047 1120 4130 proprias.

198 4149 308 4234 Atque
338 4153 436 4216 etiam
464 4154 498 4216 in
527 4155 711 4217 universum
738 4174 833 4238 quam
855 4154 1012 4217 rationem
1035 4152 1210 4238 Sophocles

114 4267 242 4322 secutus
276 4269 325 4324 est
356 4283 433 4326 suae
461 4263 577 4326 aetatis
610 4283 715 4326 mores
746 4261 962 4326 transferendi
983 4263 1017 4325 in
1038 4262 1209 4345 heroicam,

113 4365 211 4450 longe
233 4367 330 4433 distat
352 4380 384 4434 et
405 4369 446 4434 ab
468 4370 649 4455 Aeschyleo
679 4381 711 4434 et
742 4369 783 4433 ab
804 4369 990 4455 Euripides.
1033 4370 1118 4435 Nam
1139 4391 1210 4436 cum
