<?xml version="1.0" encoding="UTF-8"?>
<!DOCTYPE html PUBLIC "-//W3C//DTD XHTML 1.0 Transitional//EN"
    "http://www.w3.org/TR/xhtml1/DTD/xhtml1-transitional.dtd">
<html xmlns="http://www.w3.org/1999/xhtml" xml:lang="en" lang="en">
 <head>
  <title>
</title>
<meta http-equiv="Content-Type" content="text/html;charset=utf-8" />
  <meta name='ocr-system' content='tesseract 3.04.00' />
  <meta name='ocr-capabilities' content='ocr_page ocr_carea ocr_par ocr_line ocrx_word'/>
</head>
<body>
  <div class='ocr_page' id='page_1' title='image "./sophoclesquemad00beckgoog_0059.png"; bbox 0 0 3126 5176; ppageno 0'>
   <div class='ocr_carea' id='block_1_1' title="bbox 902 455 944 521">
    <p class='ocr_par' dir='ltr' id='par_1_1' title="bbox 902 455 944 521">
     <span class='ocr_line' id='line_1_1' title="bbox 902 455 944 521; baseline -0.024 0"><span class='ocrx_word' id='word_1_1' title='bbox 902 455 944 521; x_wconf 78' lang='lat'><strong>52</strong></span> 
     </span>
    </p>
   </div>
   <div class='ocr_carea' id='block_1_2' title="bbox 350 654 1466 1390">
    <p class='ocr_par' dir='ltr' id='par_1_2' title="bbox 350 654 1466 1390">
     <span class='ocr_line' id='line_1_2' title="bbox 379 654 1465 743; baseline -0.002 -19"><span class='ocrx_word' id='word_1_2' title='bbox 379 659 475 724; x_wconf 90' lang='lat' dir='ltr'><strong>tionis</strong></span> <span class='ocrx_word' id='word_1_3' title='bbox 507 658 561 724; x_wconf 89' lang='lat' dir='ltr'><strong>illa</strong></span> <span class='ocrx_word' id='word_1_4' title='bbox 593 657 806 743; x_wconf 83' lang='lat' dir='ltr'><strong>descriptione</strong></span> <span class='ocrx_word' id='word_1_5' title='bbox 837 657 883 722; x_wconf 85' lang='lat' dir='ltr'><strong>ita</strong></span> <span class='ocrx_word' id='word_1_6' title='bbox 912 657 973 724; x_wconf 91' lang='lat' dir='ltr'><strong>hoc</strong></span> <span class='ocrx_word' id='word_1_7' title='bbox 1004 677 1099 742; x_wconf 91' lang='lat' dir='ltr'><strong>quem</strong></span> <span class='ocrx_word' id='word_1_8' title='bbox 1130 654 1225 720; x_wconf 90' lang='lat' dir='ltr'><strong>modo</strong></span> <span class='ocrx_word' id='word_1_9' title='bbox 1246 655 1375 722; x_wconf 86' lang='lat' dir='ltr'><strong>laudavi</strong></span> <span class='ocrx_word' id='word_1_10' title='bbox 1394 656 1465 722; x_wconf 91' lang='lat' dir='ltr'><strong>loco</strong></span> 
     </span>
     <span class='ocr_line' id='line_1_3' title="bbox 350 751 1464 851; baseline 0.001 -22"><span class='ocrx_word' id='word_1_11' title='bbox 350 751 353 757; x_wconf 42' lang='lat'>⁵</span> <span class='ocrx_word' id='word_1_12' title='bbox 377 767 466 832; x_wconf 87' lang='lat' dir='ltr'><strong>varia</strong></span> <span class='ocrx_word' id='word_1_13' title='bbox 495 767 611 831; x_wconf 87' lang='lat' dir='ltr'><strong>civium</strong></span> <span class='ocrx_word' id='word_1_14' title='bbox 640 766 770 851; x_wconf 87' lang='lat' dir='ltr'><strong>ingenia</strong></span> <span class='ocrx_word' id='word_1_15' title='bbox 798 765 1008 850; x_wconf 80' lang='lat' dir='ltr'><strong>depinxerit;</strong></span> <span class='ocrx_word' id='word_1_16' title='bbox 1037 774 1071 830; x_wconf 91' lang='lat' dir='ltr'><strong>at</strong></span> <span class='ocrx_word' id='word_1_17' title='bbox 1099 785 1175 828; x_wconf 90' lang='lat' dir='ltr'><strong>num</strong></span> <span class='ocrx_word' id='word_1_18' title='bbox 1203 765 1274 849; x_wconf 88' lang='lat' dir='ltr'><strong>ipsa</strong></span> <span class='ocrx_word' id='word_1_19' title='bbox 1301 764 1355 830; x_wconf 88' lang='lat' dir='ltr'><strong>illa</strong></span> <span class='ocrx_word' id='word_1_20' title='bbox 1382 767 1464 830; x_wconf 86' lang='lat' dir='ltr'><strong>ratio</strong></span> 
     </span>
     <span class='ocr_line' id='line_1_4' title="bbox 377 869 1466 958; baseline -0.001 -21"><span class='ocrx_word' id='word_1_21' title='bbox 377 894 481 938; x_wconf 89' lang='lat' dir='ltr'><strong>mores</strong></span> <span class='ocrx_word' id='word_1_22' title='bbox 503 873 536 938; x_wconf 93' lang='lat' dir='ltr'><strong>in</strong></span> <span class='ocrx_word' id='word_1_23' title='bbox 556 873 651 938; x_wconf 87' lang='lat' dir='ltr'><strong>aliam</strong></span> <span class='ocrx_word' id='word_1_24' title='bbox 680 881 818 938; x_wconf 85' lang='lat' dir='ltr'><strong>aetatem</strong></span> <span class='ocrx_word' id='word_1_25' title='bbox 845 869 1057 938; x_wconf 83' lang='lat' dir='ltr'><strong>transferendi</strong></span> <span class='ocrx_word' id='word_1_26' title='bbox 1087 892 1227 958; x_wconf 90' lang='lat' dir='ltr'><strong>numque</strong></span> <span class='ocrx_word' id='word_1_27' title='bbox 1255 873 1466 938; x_wconf 86' lang='lat' dir='ltr'><strong>ratiocinandi</strong></span> 
     </span>
     <span class='ocr_line' id='line_1_5' title="bbox 378 980 1466 1067; baseline 0 -21"><span class='ocrx_word' id='word_1_28' title='bbox 378 991 410 1046; x_wconf 93' lang='lat' dir='ltr'><strong>et</strong></span> <span class='ocrx_word' id='word_1_29' title='bbox 430 980 646 1067; x_wconf 86' lang='lat' dir='ltr'><strong>praecipiendi</strong></span> <span class='ocrx_word' id='word_1_30' title='bbox 668 1003 726 1066; x_wconf 91' lang='lat' dir='ltr'><strong>per</strong></span> <span class='ocrx_word' id='word_1_31' title='bbox 748 980 924 1066; x_wconf 82' lang='lat' dir='ltr'><strong>quamlibet</strong></span> <span class='ocrx_word' id='word_1_32' title='bbox 944 1002 1113 1065; x_wconf 85' lang='lat' dir='ltr'><strong>personam</strong></span> <span class='ocrx_word' id='word_1_33' title='bbox 1136 981 1330 1046; x_wconf 80' lang='lat' dir='ltr'><strong>consuetudo</strong></span> <span class='ocrx_word' id='word_1_34' title='bbox 1345 983 1466 1046; x_wconf 89' lang='lat' dir='ltr'><strong>severis</strong></span> 
     </span>
     <span class='ocr_line' id='line_1_6' title="bbox 376 1088 1464 1174; baseline -0.002 -20"><span class='ocrx_word' id='word_1_35' title='bbox 376 1090 454 1154; x_wconf 86' lang='lat' dir='ltr'><strong>artis</strong></span> <span class='ocrx_word' id='word_1_36' title='bbox 476 1090 618 1173; x_wconf 78' lang='lat' dir='ltr'><strong>tragicae</strong></span> <span class='ocrx_word' id='word_1_37' title='bbox 638 1089 762 1174; x_wconf 87' lang='lat' dir='ltr'><strong>legibus</strong></span> <span class='ocrx_word' id='word_1_38' title='bbox 784 1088 987 1174; x_wconf 86' lang='lat' dir='ltr'><strong>respondeat,</strong></span> <span class='ocrx_word' id='word_1_39' title='bbox 1018 1088 1138 1154; x_wconf 84' lang='lat' dir='ltr'><strong>dehac</strong></span> <span class='ocrx_word' id='word_1_40' title='bbox 1158 1111 1193 1154; x_wconf 88' lang='lat' dir='ltr'><strong>re</strong></span> <span class='ocrx_word' id='word_1_41' title='bbox 1215 1089 1298 1153; x_wconf 86' lang='lat' dir='ltr'><strong>iusto</strong></span> <span class='ocrx_word' id='word_1_42' title='bbox 1319 1090 1387 1154; x_wconf 86' lang='lat' dir='ltr'><strong>iure</strong></span> <span class='ocrx_word' id='word_1_43' title='bbox 1407 1089 1464 1153; x_wconf 87' lang='lat' dir='ltr'><strong>du-</strong></span> 
     </span>
     <span class='ocr_line' id='line_1_7' title="bbox 376 1195 1465 1282; baseline 0 -22"><span class='ocrx_word' id='word_1_44' title='bbox 376 1197 504 1262; x_wconf 85' lang='lat' dir='ltr'><strong>bitatur.</strong></span> <span class='ocrx_word' id='word_1_45' title='bbox 555 1196 622 1263; x_wconf 85' lang='lat' dir='ltr'><strong>Sed</strong></span> <span class='ocrx_word' id='word_1_46' title='bbox 649 1196 727 1262; x_wconf 83' lang='lat' dir='ltr'><strong>haec</strong></span> <span class='ocrx_word' id='word_1_47' title='bbox 756 1196 910 1262; x_wconf 87' lang='lat' dir='ltr'><strong>hactenus</strong></span> <span class='ocrx_word' id='word_1_48' title='bbox 933 1220 940 1261; x_wconf 92' lang='lat'>:</span> <span class='ocrx_word' id='word_1_49' title='bbox 962 1219 982 1260; x_wconf 88' lang='lat' dir='ltr'><strong>a</strong></span> <span class='ocrx_word' id='word_1_50' title='bbox 1002 1195 1183 1282; x_wconf 85' lang='lat' dir='ltr'><strong>Sophoclea</strong></span> <span class='ocrx_word' id='word_1_51' title='bbox 1203 1206 1272 1261; x_wconf 90' lang='lat' dir='ltr'><strong>arte</strong></span> <span class='ocrx_word' id='word_1_52' title='bbox 1292 1196 1465 1262; x_wconf 90' lang='lat' dir='ltr'><strong>tenendum</strong></span> 
     </span>
     <span class='ocr_line' id='line_1_8' title="bbox 376 1304 861 1390; baseline -0.004 -20"><span class='ocrx_word' id='word_1_53' title='bbox 376 1313 424 1370; x_wconf 84' lang='lat' dir='ltr'><strong>est</strong></span> <span class='ocrx_word' id='word_1_54' title='bbox 445 1304 522 1370; x_wconf 87' lang='lat' dir='ltr'><strong>talia</strong></span> <span class='ocrx_word' id='word_1_55' title='bbox 544 1327 611 1370; x_wconf 87' lang='lat' dir='ltr'><strong>esse</strong></span> <span class='ocrx_word' id='word_1_56' title='bbox 632 1304 726 1390; x_wconf 85' lang='lat' dir='ltr'><strong>plane</strong></span> <span class='ocrx_word' id='word_1_57' title='bbox 748 1305 861 1370; x_wconf 84' lang='lat' dir='ltr'><strong>aliena.</strong></span> 
     </span>
    </p>
   </div>
   <div class='ocr_carea' id='block_1_3' title="bbox 374 1435 1465 1951">
    <p class='ocr_par' dir='ltr' id='par_1_3' title="bbox 374 1435 1465 1951">
     <span class='ocr_line' id='line_1_9' title="bbox 456 1435 1465 1521; baseline 0 -21"><span class='ocrx_word' id='word_1_58' title='bbox 456 1436 588 1502; x_wconf 77' lang='lat' dir='ltr'><strong>Reverti</strong></span> <span class='ocrx_word' id='word_1_59' title='bbox 608 1435 650 1500; x_wconf 86' lang='lat' dir='ltr'><strong>ad</strong></span> <span class='ocrx_word' id='word_1_60' title='bbox 671 1437 869 1521; x_wconf 83' lang='lat' dir='ltr'><strong>propositum</strong></span> <span class='ocrx_word' id='word_1_61' title='bbox 890 1435 931 1500; x_wconf 91' lang='lat' dir='ltr'><strong>ad</strong></span> <span class='ocrx_word' id='word_1_62' title='bbox 953 1458 991 1500; x_wconf 94' lang='lat' dir='ltr'><strong>ea</strong></span> <span class='ocrx_word' id='word_1_63' title='bbox 1011 1458 1070 1501; x_wconf 93' lang='lat' dir='ltr'><strong>nos</strong></span> <span class='ocrx_word' id='word_1_64' title='bbox 1093 1446 1315 1501; x_wconf 83' lang='lat' dir='ltr'><strong>convertamus</strong></span> <span class='ocrx_word' id='word_1_65' title='bbox 1338 1457 1418 1521; x_wconf 88' lang='lat' dir='ltr'><strong>quae</strong></span> <span class='ocrx_word' id='word_1_66' title='bbox 1445 1458 1465 1500; x_wconf 87' lang='lat' dir='ltr'><strong>a</strong></span> 
     </span>
     <span class='ocr_line' id='line_1_10' title="bbox 375 1542 1464 1629; baseline 0.001 -22"><span class='ocrx_word' id='word_1_67' title='bbox 375 1544 508 1628; x_wconf 86' lang='lat' dir='ltr'><strong>singulis</strong></span> <span class='ocrx_word' id='word_1_68' title='bbox 529 1546 615 1608; x_wconf 84' lang='lat' dir='ltr'><strong>vitae</strong></span> <span class='ocrx_word' id='word_1_69' title='bbox 637 1544 737 1609; x_wconf 90' lang='lat' dir='ltr'><strong>civilis</strong></span> <span class='ocrx_word' id='word_1_70' title='bbox 761 1543 903 1629; x_wconf 90' lang='lat' dir='ltr'><strong>partibus</strong></span> <span class='ocrx_word' id='word_1_71' title='bbox 923 1544 957 1608; x_wconf 94' lang='lat' dir='ltr'><strong>in</strong></span> <span class='ocrx_word' id='word_1_72' title='bbox 972 1542 1159 1628; x_wconf 79' lang='lat' dir='ltr'><strong>Sophocleis</strong></span> <span class='ocrx_word' id='word_1_73' title='bbox 1180 1542 1297 1608; x_wconf 85' lang='lat' dir='ltr'><strong>fabulis</strong></span> <span class='ocrx_word' id='word_1_74' title='bbox 1314 1543 1464 1608; x_wconf 86' lang='lat' dir='ltr'><strong>videntur</strong></span> 
     </span>
     <span class='ocr_line' id='line_1_11' title="bbox 375 1641 1464 1737; baseline 0.002 -23"><span class='ocrx_word' id='word_1_75' title='bbox 375 1673 444 1716; x_wconf 86' lang='lat' dir='ltr'><strong>esse</strong></span> <span class='ocrx_word' id='word_1_76' title='bbox 464 1641 608 1736; x_wconf 83' lang='lat' dir='ltr'><strong>repetita.</strong></span> <span class='ocrx_word' id='word_1_77' title='bbox 654 1651 706 1716; x_wconf 88' lang='lat' dir='ltr'><strong>De</strong></span> <span class='ocrx_word' id='word_1_78' title='bbox 729 1650 844 1737; x_wconf 90' lang='lat' dir='ltr'><strong>quibus</strong></span> <span class='ocrx_word' id='word_1_79' title='bbox 866 1652 912 1716; x_wconf 85' lang='lat' dir='ltr'><strong>ita</strong></span> <span class='ocrx_word' id='word_1_80' title='bbox 940 1651 1104 1716; x_wconf 77' lang='lat' dir='ltr'><strong>instituam</strong></span> <span class='ocrx_word' id='word_1_81' title='bbox 1134 1649 1397 1736; x_wconf 87' lang='lat' dir='ltr'><strong>disputationem,</strong></span> <span class='ocrx_word' id='word_1_82' title='bbox 1427 1661 1464 1716; x_wconf 91' lang='lat' dir='ltr'><strong>ut</strong></span> 
     </span>
     <span class='ocr_line' id='line_1_12' title="bbox 374 1757 1464 1844; baseline 0.001 -21"><span class='ocrx_word' id='word_1_83' title='bbox 374 1760 510 1844; x_wconf 85' lang='lat' dir='ltr'><strong>primum</strong></span> <span class='ocrx_word' id='word_1_84' title='bbox 542 1758 583 1823; x_wconf 87' lang='lat' dir='ltr'><strong>de</strong></span> <span class='ocrx_word' id='word_1_85' title='bbox 614 1759 752 1824; x_wconf 88' lang='lat' dir='ltr'><strong>civitatis</strong></span> <span class='ocrx_word' id='word_1_86' title='bbox 786 1757 966 1842; x_wconf 87' lang='lat' dir='ltr'><strong>beneficiis,</strong></span> <span class='ocrx_word' id='word_1_87' title='bbox 1005 1758 1120 1823; x_wconf 86' lang='lat' dir='ltr'><strong>deinde</strong></span> <span class='ocrx_word' id='word_1_88' title='bbox 1151 1759 1191 1824; x_wconf 88' lang='lat' dir='ltr'><strong>de</strong></span> <span class='ocrx_word' id='word_1_89' title='bbox 1222 1758 1331 1823; x_wconf 91' lang='lat' dir='ltr'><strong>officiis</strong></span> <span class='ocrx_word' id='word_1_90' title='bbox 1363 1757 1464 1824; x_wconf 85' lang='lat' dir='ltr'><strong>verba</strong></span> 
     </span>
     <span class='ocr_line' id='line_1_13' title="bbox 374 1865 1282 1951; baseline 0 -21"><span class='ocrx_word' id='word_1_91' title='bbox 374 1867 510 1948; x_wconf 82' lang='lat' dir='ltr'><strong>faciam3</strong></span> <span class='ocrx_word' id='word_1_92' title='bbox 541 1868 591 1932; x_wconf 92' lang='lat' dir='ltr'><strong>cui</strong></span> <span class='ocrx_word' id='word_1_93' title='bbox 613 1865 762 1931; x_wconf 89' lang='lat' dir='ltr'><strong>divisioni</strong></span> <span class='ocrx_word' id='word_1_94' title='bbox 784 1868 890 1932; x_wconf 89' lang='lat' dir='ltr'><strong>omnia</strong></span> <span class='ocrx_word' id='word_1_95' title='bbox 911 1876 988 1951; x_wconf 92' lang='lat' dir='ltr'><strong>puto</strong></span> <span class='ocrx_word' id='word_1_96' title='bbox 1010 1866 1104 1931; x_wconf 86' lang='lat' dir='ltr'><strong>facile</strong></span> <span class='ocrx_word' id='word_1_97' title='bbox 1124 1865 1282 1950; x_wconf 87' lang='lat' dir='ltr'><strong>subiungi.</strong></span> 
     </span>
    </p>
   </div>
   <div class='ocr_carea' id='block_1_4' title="bbox 369 1999 1542 3919">
    <p class='ocr_par' dir='ltr' id='par_1_4' title="bbox 369 1999 1542 3680">
     <span class='ocr_line' id='line_1_14' title="bbox 457 1999 1463 2086; baseline 0 -22"><span class='ocrx_word' id='word_1_98' title='bbox 457 2000 506 2064; x_wconf 89' lang='lat' dir='ltr'><strong>Ac</strong></span> <span class='ocrx_word' id='word_1_99' title='bbox 520 1999 657 2084; x_wconf 91' lang='lat' dir='ltr'><strong>primum</strong></span> <span class='ocrx_word' id='word_1_100' title='bbox 673 2000 800 2086; x_wconf 90' lang='lat' dir='ltr'><strong>quidem</strong></span> <span class='ocrx_word' id='word_1_101' title='bbox 817 1999 866 2065; x_wconf 86' lang='lat' dir='ltr'><strong>de</strong></span> <span class='ocrx_word' id='word_1_102' title='bbox 888 2000 1157 2064; x_wconf 90' lang='lat' dir='ltr'><strong>contionibus</strong></span> <span class='ocrx_word' id='word_1_103' title='bbox 1179 2022 1281 2086; x_wconf 87' lang='lat' dir='ltr'><strong>pauca</strong></span> <span class='ocrx_word' id='word_1_104' title='bbox 1294 1999 1371 2064; x_wconf 91' lang='lat' dir='ltr'><strong>mihi</strong></span> <span class='ocrx_word' id='word_1_105' title='bbox 1386 2011 1463 2064; x_wconf 88' lang='lat' dir='ltr'><strong>sunt</strong></span> 
     </span>
     <span class='ocr_line' id='line_1_15' title="bbox 374 2106 1462 2194; baseline 0 -22"><span class='ocrx_word' id='word_1_106' title='bbox 374 2106 518 2173; x_wconf 89' lang='lat' dir='ltr'><strong>dicenda.</strong></span> <span class='ocrx_word' id='word_1_107' title='bbox 561 2106 646 2173; x_wconf 89' lang='lat' dir='ltr'><strong>Nam</strong></span> <span class='ocrx_word' id='word_1_108' title='bbox 667 2119 793 2192; x_wconf 88' lang='lat' dir='ltr'><strong>praeter</strong></span> <span class='ocrx_word' id='word_1_109' title='bbox 811 2109 885 2173; x_wconf 86' lang='lat' dir='ltr'><strong>&#39;illos</strong></span> <span class='ocrx_word' id='word_1_110' title='bbox 907 2109 993 2173; x_wconf 84' lang='lat' dir='ltr'><strong>locos</strong></span> <span class='ocrx_word' id='word_1_111' title='bbox 1015 2108 1130 2194; x_wconf 90' lang='lat' dir='ltr'><strong>quibus</strong></span> <span class='ocrx_word' id='word_1_112' title='bbox 1157 2129 1280 2180; x_wconf 87' lang='lat' dir='ltr'><strong>summa</strong></span> <span class='ocrx_word' id='word_1_113' title='bbox 1300 2117 1462 2194; x_wconf 84' lang='lat' dir='ltr'><strong>potestate</strong></span> 
     </span>
     <span class='ocr_line' id='line_1_16' title="bbox 373 2213 1462 2299; baseline 0.002 -21"><span class='ocrx_word' id='word_1_114' title='bbox 373 2215 568 2298; x_wconf 85' lang='lat' dir='ltr'><strong>Argivorum</strong></span> <span class='ocrx_word' id='word_1_115' title='bbox 591 2224 623 2279; x_wconf 88' lang='lat' dir='ltr'><strong>et</strong></span> <span class='ocrx_word' id='word_1_116' title='bbox 642 2213 868 2279; x_wconf 85' lang='lat' dir='ltr'><strong>Thebanorum</strong></span> <span class='ocrx_word' id='word_1_117' title='bbox 891 2217 1056 2280; x_wconf 87' lang='lat' dir='ltr'><strong>contiones</strong></span> <span class='ocrx_word' id='word_1_118' title='bbox 1078 2216 1125 2280; x_wconf 90' lang='lat' dir='ltr'><strong>uti</strong></span> <span class='ocrx_word' id='word_1_119' title='bbox 1146 2215 1294 2280; x_wconf 84' lang='lat' dir='ltr'><strong>videntur</strong></span> <span class='ocrx_word' id='word_1_120' title='bbox 1315 2215 1462 2299; x_wconf 85' lang='lat' dir='ltr'><strong>singulae</strong></span> 
     </span>
     <span class='ocr_line' id='line_1_17' title="bbox 373 2322 1461 2410; baseline -0.003 -22"><span class='ocrx_word' id='word_1_121' title='bbox 373 2323 530 2408; x_wconf 80' lang='lat' dir='ltr'><strong>quaedam</strong></span> <span class='ocrx_word' id='word_1_122' title='bbox 551 2323 635 2410; x_wconf 89' lang='lat' dir='ltr'><strong>apud</strong></span> <span class='ocrx_word' id='word_1_123' title='bbox 658 2323 849 2410; x_wconf 84' lang='lat' dir='ltr'><strong>Sophoclem</strong></span> <span class='ocrx_word' id='word_1_124' title='bbox 877 2323 1091 2392; x_wconf 72' lang='lat' dir='ltr'><strong>inveniuntur,</strong></span> <span class='ocrx_word' id='word_1_125' title='bbox 1112 2323 1287 2388; x_wconf 89' lang='lat' dir='ltr'><strong>locutiones</strong></span> <span class='ocrx_word' id='word_1_126' title='bbox 1315 2343 1397 2408; x_wconf 86' lang='lat' dir='ltr'><strong>quae</strong></span> <span class='ocrx_word' id='word_1_127' title='bbox 1418 2322 1461 2386; x_wconf 89' lang='lat' dir='ltr'><strong>ab</strong></span> 
     </span>
     <span class='ocr_line' id='line_1_18' title="bbox 373 2429 1460 2517; baseline -0.003 -21"><span class='ocrx_word' id='word_1_128' title='bbox 373 2431 617 2497; x_wconf 87' lang='lat' dir='ltr'><strong>Atheniensium</strong></span> <span class='ocrx_word' id='word_1_129' title='bbox 638 2429 734 2496; x_wconf 89' lang='lat' dir='ltr'><strong>rebus</strong></span> <span class='ocrx_word' id='word_1_130' title='bbox 756 2429 989 2496; x_wconf 89' lang='lat' dir='ltr'><strong>contionalibus</strong></span> <span class='ocrx_word' id='word_1_131' title='bbox 1016 2430 1185 2517; x_wconf 88' lang='lat' dir='ltr'><strong>pendeant.</strong></span> <span class='ocrx_word' id='word_1_132' title='bbox 1236 2429 1288 2494; x_wconf 86' lang='lat' dir='ltr'><strong>Ita</strong></span> <span class='ocrx_word' id='word_1_133' title='bbox 1318 2431 1349 2494; x_wconf 89' lang='lat' dir='ltr'><strong>in</strong></span> <span class='ocrx_word' id='word_1_134' title='bbox 1381 2430 1460 2494; x_wconf 89' lang='lat' dir='ltr'><strong>Ant.</strong></span> 
     </span>
     <span class='ocr_line' id='line_1_19' title="bbox 375 2531 1542 2625; baseline -0.002 -22"><span class='ocrx_word' id='word_1_135' title='bbox 375 2537 434 2604; x_wconf 89' lang='grc'><strong>160</strong></span> <span class='ocrx_word' id='word_1_136' title='bbox 455 2560 501 2625; x_wconf 91' lang='lat' dir='ltr'><strong>sq.</strong></span> <span class='ocrx_word' id='word_1_137' title='bbox 528 2539 645 2604; x_wconf 91' lang='lat' dir='ltr'><strong>locutio</strong></span> <span class='ocrx_word' id='word_1_138' title='bbox 679 2531 927 2624; x_wconf 77' lang='grc' dir='ltr'><em>σύγκλητον</em></span> <span class='ocrx_word' id='word_1_139' title='bbox 954 2531 1130 2624; x_wconf 78' lang='grc' dir='ltr'><strong><em>προύθετο</em></strong></span> <span class='ocrx_word' id='word_1_140' title='bbox 1163 2538 1327 2623; x_wconf 76' lang='grc' dir='ltr'><em>λέσχην,</em></span> <span class='ocrx_word' id='word_1_141' title='bbox 1351 2557 1459 2622; x_wconf 90' lang='lat' dir='ltr'><strong>quam·</strong></span> <span class='ocrx_word' id='word_1_142' title='bbox 1541 2593 1542 2596; x_wconf 67' lang='grc'>,</span> 
     </span>
     <span class='ocr_line' id='line_1_20' title="bbox 372 2645 1460 2732; baseline -0.001 -22"><span class='ocrx_word' id='word_1_143' title='bbox 372 2667 467 2732; x_wconf 86' lang='lat' dir='ltr'><strong>quam</strong></span> <span class='ocrx_word' id='word_1_144' title='bbox 488 2647 549 2712; x_wconf 89' lang='lat' dir='ltr'><strong>hoc</strong></span> <span class='ocrx_word' id='word_1_145' title='bbox 577 2648 646 2711; x_wconf 88' lang='lat' dir='ltr'><strong>loco</strong></span> <span class='ocrx_word' id='word_1_146' title='bbox 668 2669 733 2712; x_wconf 93' lang='lat' dir='ltr'><strong>non</strong></span> <span class='ocrx_word' id='word_1_147' title='bbox 756 2645 964 2712; x_wconf 76' lang='lat' dir='ltr'><strong>detentione</strong></span> <span class='ocrx_word' id='word_1_148' title='bbox 986 2646 1104 2711; x_wconf 84' lang='lat' dir='ltr'><strong>sedda</strong></span> <span class='ocrx_word' id='word_1_149' title='bbox 1126 2647 1304 2731; x_wconf 87' lang='lat' dir='ltr'><strong>principum</strong></span> <span class='ocrx_word' id='word_1_150' title='bbox 1326 2646 1460 2710; x_wconf 91' lang='lat' dir='ltr'><strong>concilio</strong></span> 
     </span>
     <span class='ocr_line' id='line_1_21' title="bbox 370 2752 1461 2838; baseline 0 -20"><span class='ocrx_word' id='word_1_151' title='bbox 370 2755 487 2838; x_wconf 82' lang='lat' dir='ltr'><strong>agitur,</strong></span> <span class='ocrx_word' id='word_1_152' title='bbox 518 2755 559 2820; x_wconf 88' lang='lat' dir='ltr'><strong>ad</strong></span> <span class='ocrx_word' id='word_1_153' title='bbox 582 2754 843 2820; x_wconf 89' lang='lat' dir='ltr'><strong>consuetudinem</strong></span> <span class='ocrx_word' id='word_1_154' title='bbox 865 2753 950 2818; x_wconf 87' lang='lat' dir='ltr'><strong>illam</strong></span> <span class='ocrx_word' id='word_1_155' title='bbox 972 2754 1098 2819; x_wconf 85' lang='lat' dir='ltr'><strong>videtur</strong></span> <span class='ocrx_word' id='word_1_156' title='bbox 1120 2775 1188 2818; x_wconf 90' lang='lat' dir='ltr'><strong>esse</strong></span> <span class='ocrx_word' id='word_1_157' title='bbox 1208 2752 1376 2818; x_wconf 84' lang='lat' dir='ltr'><strong>referenda</strong></span> <span class='ocrx_word' id='word_1_158' title='bbox 1397 2775 1461 2838; x_wconf 90' lang='lat' dir='ltr'><strong>qua</strong></span> 
     </span>
     <span class='ocr_line' id='line_1_22' title="bbox 373 2860 1459 2946; baseline -0.001 -21"><span class='ocrx_word' id='word_1_159' title='bbox 373 2861 577 2927; x_wconf 92' lang='lat' dir='ltr'><strong>sollemnibus</strong></span> <span class='ocrx_word' id='word_1_160' title='bbox 599 2861 800 2926; x_wconf 88' lang='lat' dir='ltr'><strong>contionibus</strong></span> <span class='ocrx_word' id='word_1_161' title='bbox 831 2861 987 2946; x_wconf 80' lang='grc' dir='ltr'>(κυρὶαις)</span> <span class='ocrx_word' id='word_1_162' title='bbox 1011 2860 1253 2946; x_wconf 86' lang='lat' dir='ltr'><strong>opponebantur</strong></span> <span class='ocrx_word' id='word_1_163' title='bbox 1285 2861 1459 2926; x_wconf 83' lang='lat' dir='ltr'><strong>extraordi-</strong></span> 
     </span>
     <span class='ocr_line' id='line_1_23' title="bbox 370 2963 1541 3055; baseline 0 -23"><span class='ocrx_word' id='word_1_164' title='bbox 370 2969 478 3034; x_wconf 88' lang='lat' dir='ltr'><strong>nariae</strong></span> <span class='ocrx_word' id='word_1_165' title='bbox 509 2963 699 3055; x_wconf 79' lang='grc' dir='ltr'><em>(σύγκλητον</em></span> <span class='ocrx_word' id='word_1_166' title='bbox 727 2966 919 3054; x_wconf 74' lang='grc' dir='ltr'><strong><em>ἐκκλησίαι).</em></strong></span> <span class='ocrx_word' id='word_1_167' title='bbox 968 2967 998 3033; x_wconf 88' lang='lat' dir='ltr'>N</span> <span class='ocrx_word' id='word_1_168' title='bbox 1004 2991 1040 3032; x_wconf 92' lang='lat' dir='ltr'><strong>ec</strong></span> <span class='ocrx_word' id='word_1_169' title='bbox 1065 2969 1168 3032; x_wconf 92' lang='lat' dir='ltr'><strong>minus</strong></span> <span class='ocrx_word' id='word_1_170' title='bbox 1201 2967 1344 3051; x_wconf 84' lang='lat' dir='ltr'><strong>suffragii</strong></span> <span class='ocrx_word' id='word_1_171' title='bbox 1375 2967 1459 3032; x_wconf 89' lang='lat' dir='ltr'><strong>illius</strong></span> <span class='ocrx_word' id='word_1_172' title='bbox 1538 2971 1541 3016; x_wconf 76' lang='grc' dir='ltr'>ἶ</span> 
     </span>
     <span class='ocr_line' id='line_1_24' title="bbox 370 3071 1458 3162; baseline -0.001 -22"><span class='ocrx_word' id='word_1_173' title='bbox 370 3075 456 3161; x_wconf 89' lang='lat' dir='ltr'><strong>quod</strong></span> <span class='ocrx_word' id='word_1_174' title='bbox 477 3075 640 3141; x_wconf 85' lang='lat' dir='ltr'><strong>ferebatur</strong></span> <span class='ocrx_word' id='word_1_175' title='bbox 663 3077 790 3141; x_wconf 89' lang='lat' dir='ltr'><strong>calculis</strong></span> <span class='ocrx_word' id='word_1_176' title='bbox 806 3071 966 3162; x_wconf 35' lang='grc' dir='ltr'>(ψήφοις),</span> <span class='ocrx_word' id='word_1_177' title='bbox 977 3077 1137 3142; x_wconf 89' lang='lat' dir='ltr'><strong>nonnullis</strong></span> <span class='ocrx_word' id='word_1_178' title='bbox 1158 3077 1235 3141; x_wconf 90' lang='lat' dir='ltr'><strong>locis</strong></span> <span class='ocrx_word' id='word_1_179' title='bbox 1256 3075 1293 3141; x_wconf 92' lang='lat' dir='ltr'><strong>fit</strong></span> <span class='ocrx_word' id='word_1_180' title='bbox 1315 3077 1458 3140; x_wconf 90' lang='lat' dir='ltr'><strong>mentio:</strong></span> 
     </span>
     <span class='ocr_line' id='line_1_25' title="bbox 370 3183 1460 3270; baseline 0 -22"><span class='ocrx_word' id='word_1_181' title='bbox 370 3183 539 3269; x_wconf 82' lang='lat' dir='ltr'><strong>dequibus</strong></span> <span class='ocrx_word' id='word_1_182' title='bbox 555 3195 662 3249; x_wconf 85' lang='lat' dir='ltr'><strong>temen</strong></span> <span class='ocrx_word' id='word_1_183' title='bbox 678 3187 782 3270; x_wconf 90' lang='lat' dir='ltr'><strong>aptius</strong></span> <span class='ocrx_word' id='word_1_184' title='bbox 797 3185 890 3266; x_wconf 87' lang='lat' dir='ltr'><strong>infra,</strong></span> <span class='ocrx_word' id='word_1_185' title='bbox 914 3205 985 3259; x_wconf 88' lang='lat' dir='ltr'><strong>cum</strong></span> <span class='ocrx_word' id='word_1_186' title='bbox 1006 3183 1047 3250; x_wconf 88' lang='lat' dir='ltr'><strong>de</strong></span> <span class='ocrx_word' id='word_1_187' title='bbox 1066 3207 1101 3249; x_wconf 88' lang='lat' dir='ltr'><strong>re</strong></span> <span class='ocrx_word' id='word_1_188' title='bbox 1122 3184 1286 3249; x_wconf 85' lang='lat' dir='ltr'><strong>iudiciaria</strong></span> <span class='ocrx_word' id='word_1_189' title='bbox 1300 3183 1377 3248; x_wconf 90' lang='lat' dir='ltr'><strong>mihi</strong></span> <span class='ocrx_word' id='word_1_190' title='bbox 1398 3186 1460 3248; x_wconf 89' lang='lat' dir='ltr'><strong>erit</strong></span> 
     </span>
     <span class='ocr_line' id='line_1_26' title="bbox 370 3290 1460 3382; baseline -0.001 -26"><span class='ocrx_word' id='word_1_191' title='bbox 370 3290 605 3375; x_wconf 87' lang='lat' dir='ltr'><strong>disputandum,</strong></span> <span class='ocrx_word' id='word_1_192' title='bbox 637 3291 735 3382; x_wconf 83' lang='lat' dir='ltr'><strong>verba</strong></span> <span class='ocrx_word' id='word_1_193' title='bbox 762 3291 855 3376; x_wconf 87' lang='lat' dir='ltr'><strong>fient,</strong></span> <span class='ocrx_word' id='word_1_194' title='bbox 881 3293 1072 3377; x_wconf 88' lang='lat' dir='ltr'><strong>praesertim</strong></span> <span class='ocrx_word' id='word_1_195' title='bbox 1103 3314 1174 3356; x_wconf 89' lang='lat' dir='ltr'><strong>cum</strong></span> <span class='ocrx_word' id='word_1_196' title='bbox 1202 3293 1235 3356; x_wconf 94' lang='lat' dir='ltr'><strong>in</strong></span> <span class='ocrx_word' id='word_1_197' title='bbox 1257 3291 1460 3356; x_wconf 92' lang='lat' dir='ltr'><strong>contionibus</strong></span> 
     </span>
     <span class='ocr_line' id='line_1_27' title="bbox 370 3400 1460 3490; baseline 0.001 -27"><span class='ocrx_word' id='word_1_198' title='bbox 370 3400 447 3464; x_wconf 87' lang='lat' dir='ltr'><strong>satis</strong></span> <span class='ocrx_word' id='word_1_199' title='bbox 470 3409 595 3465; x_wconf 84' lang='lat' dir='ltr'><strong>constet</strong></span> <span class='ocrx_word' id='word_1_200' title='bbox 615 3422 635 3464; x_wconf 91' lang='lat' dir='ltr'><strong>a</strong></span> <span class='ocrx_word' id='word_1_201' title='bbox 654 3401 845 3490; x_wconf 76' lang='grc' dir='ltr'><strong><em>χειροτονίᾳ</em></strong></span> <span class='ocrx_word' id='word_1_202' title='bbox 867 3421 931 3464; x_wconf 93' lang='lat' dir='ltr'><strong>non</strong></span> <span class='ocrx_word' id='word_1_203' title='bbox 952 3421 1111 3465; x_wconf 88' lang='lat' dir='ltr'><strong>recessum</strong></span> <span class='ocrx_word' id='word_1_204' title='bbox 1132 3411 1203 3464; x_wconf 88' lang='lat' dir='ltr'><strong>&#39;osse</strong></span> <span class='ocrx_word' id='word_1_205' title='bbox 1224 3401 1285 3464; x_wconf 91' lang='lat' dir='ltr'><strong>nisi</strong></span> <span class='ocrx_word' id='word_1_206' title='bbox 1302 3421 1374 3464; x_wconf 89' lang='lat' dir='ltr'><strong>oum</strong></span> <span class='ocrx_word' id='word_1_207' title='bbox 1387 3401 1460 3486; x_wconf 90' lang='lat' dir='ltr'><strong>ipsa</strong></span> 
     </span>
     <span class='ocr_line' id='line_1_28' title="bbox 370 3497 1540 3594; baseline 0 -22"><span class='ocrx_word' id='word_1_208' title='bbox 370 3508 475 3593; x_wconf 79' lang='lat' dir='ltr'><strong>contio</strong></span> <span class='ocrx_word' id='word_1_209' title='bbox 498 3507 735 3593; x_wconf 89' lang='lat' dir='ltr'><strong>quodammodo</strong></span> <span class='ocrx_word' id='word_1_210' title='bbox 757 3516 826 3573; x_wconf 87' lang='lat' dir='ltr'><strong>erat</strong></span> <span class='ocrx_word' id='word_1_211' title='bbox 847 3529 906 3594; x_wconf 88' lang='lat' dir='ltr'><strong>pro</strong></span> <span class='ocrx_word' id='word_1_212' title='bbox 921 3507 1046 3572; x_wconf 88' lang='lat' dir='ltr'><strong>iudicio.</strong></span> <span class='ocrx_word' id='word_1_213' title='bbox 1090 3507 1262 3572; x_wconf 89' lang='lat' dir='ltr'><strong>Praeterea</strong></span> <span class='ocrx_word' id='word_1_214' title='bbox 1278 3497 1337 3592; x_wconf 73' lang='grc' dir='ltr'><strong>Άχ.</strong></span> <span class='ocrx_word' id='word_1_215' title='bbox 1353 3501 1457 3574; x_wconf 80' lang='grc' dir='ltr'><em>Σύλλ.</em></span> <span class='ocrx_word' id='word_1_216' title='bbox 1539 3525 1540 3528; x_wconf 73' lang='grc'>’</span> 
     </span>
     <span class='ocr_line' id='line_1_29' title="bbox 369 3613 493 3680; baseline 0.016 -2"><span class='ocrx_word' id='word_1_217' title='bbox 369 3613 408 3680; x_wconf 83' lang='lat' dir='ltr'><strong>ir.</strong></span> <span class='ocrx_word' id='word_1_218' title='bbox 433 3615 493 3680; x_wconf 82' lang='lat'><strong>150</strong></span> 
     </span>
    </p>

    <p class='ocr_par' dir='ltr' id='par_1_5' title="bbox 518 3717 1318 3919">
     <span class='ocr_line' id='line_1_30' title="bbox 519 3717 1318 3811; baseline 0 -21"><span class='ocrx_word' id='word_1_219' title='bbox 519 3717 560 3790; x_wconf 80' lang='grc' dir='ltr'><strong>σὺ</strong></span> <span class='ocrx_word' id='word_1_220' title='bbox 580 3725 609 3789; x_wconf 83' lang='grc' dir='ltr'><strong>δ’</strong></span> <span class='ocrx_word' id='word_1_221' title='bbox 630 3723 667 3790; x_wconf 82' lang='grc' dir='ltr'><strong>ἐν</strong></span> <span class='ocrx_word' id='word_1_222' title='bbox 687 3718 843 3811; x_wconf 79' lang='grc' dir='ltr'><em>θρόνοισι</em></span> <span class='ocrx_word' id='word_1_223' title='bbox 862 3717 1064 3810; x_wconf 79' lang='grc' dir='ltr'><em>γραμμάτων</em></span> <span class='ocrx_word' id='word_1_224' title='bbox 1083 3717 1211 3809; x_wconf 77' lang='grc' dir='ltr'><strong><em>πτυχὰς</em></strong></span> <span class='ocrx_word' id='word_1_225' title='bbox 1233 3722 1318 3809; x_wconf 80' lang='grc' dir='ltr'><em>ἔχων</em></span> 
     </span>
     <span class='ocr_line' id='line_1_31' title="bbox 518 3820 1199 3919; baseline 0.004 -23"><span class='ocrx_word' id='word_1_226' title='bbox 518 3831 588 3916; x_wconf 79' lang='grc' dir='ltr'><em>νέμ’</em></span> <span class='ocrx_word' id='word_1_227' title='bbox 609 3831 709 3909; x_wconf 82' lang='grc' dir='ltr'><strong><em>εἴτις</em></strong></span> <span class='ocrx_word' id='word_1_228' title='bbox 730 3822 772 3898; x_wconf 78' lang='grc' dir='ltr'><strong>οὗ</strong></span> <span class='ocrx_word' id='word_1_229' title='bbox 792 3827 953 3919; x_wconf 84' lang='grc' dir='ltr'><em>πάρεστιν</em></span> <span class='ocrx_word' id='word_1_230' title='bbox 974 3820 1011 3910; x_wconf 75' lang='grc' dir='ltr'><strong>ὃς</strong></span> <span class='ocrx_word' id='word_1_231' title='bbox 1032 3822 1199 3917; x_wconf 78' lang='grc' dir='ltr'><em>ξυνώμοσε</em></span> 
     </span>
    </p>
   </div>
   <div class='ocr_carea' id='block_1_5' title="bbox 368 3957 1455 4376">
    <p class='ocr_par' dir='ltr' id='par_1_6' title="bbox 368 3957 1455 4376">
     <span class='ocr_line' id='line_1_32' title="bbox 369 3957 1455 4051; baseline 0.002 -24"><span class='ocrx_word' id='word_1_232' title='bbox 369 3963 431 4028; x_wconf 89' lang='lat' dir='ltr'><strong>huc</strong></span> <span class='ocrx_word' id='word_1_233' title='bbox 451 3965 598 4050; x_wconf 87' lang='lat' dir='ltr'><strong>pertinet,</strong></span> <span class='ocrx_word' id='word_1_234' title='bbox 620 3987 683 4051; x_wconf 91' lang='lat' dir='ltr'><strong>quo</strong></span> <span class='ocrx_word' id='word_1_235' title='bbox 705 3967 733 4031; x_wconf 93' lang='lat' dir='ltr'><strong>si</strong></span> <span class='ocrx_word' id='word_1_236' title='bbox 755 3966 874 4032; x_wconf 84' lang='lat' dir='ltr'><strong>scholio</strong></span> <span class='ocrx_word' id='word_1_237' title='bbox 896 3966 937 4032; x_wconf 86' lang='lat' dir='ltr'><strong>ad</strong></span> <span class='ocrx_word' id='word_1_238' title='bbox 959 3963 1051 4031; x_wconf 88' lang='lat' dir='ltr'><strong>Pind.</strong></span> <span class='ocrx_word' id='word_1_239' title='bbox 1073 3965 1185 4031; x_wconf 89' lang='lat' dir='ltr'><strong>Isthm.</strong></span> <span class='ocrx_word' id='word_1_240' title='bbox 1208 3967 1237 4050; x_wconf 82' lang='lat'><strong>2,</strong></span> <span class='ocrx_word' id='word_1_241' title='bbox 1256 3965 1296 4030; x_wconf 90' lang='grc'><strong>68</strong></span> <span class='ocrx_word' id='word_1_242' title='bbox 1317 3957 1372 4048; x_wconf 82' lang='grc' dir='ltr'><strong>(τὸ</strong></span> <span class='ocrx_word' id='word_1_243' title='bbox 1393 3957 1455 4049; x_wconf 83' lang='grc' dir='ltr'><strong>γὰρ</strong></span> 
     </span>
     <span class='ocr_line' id='line_1_33' title="bbox 368 4059 1455 4160; baseline -0.002 -24"><span class='ocrx_word' id='word_1_244' title='bbox 368 4059 553 4157; x_wconf 74' lang='grc' dir='ltr'><em>ἀπόνειμον</em></span> <span class='ocrx_word' id='word_1_245' title='bbox 573 4062 648 4139; x_wconf 78' lang='grc' dir='ltr'><em>ἀντὶ</em></span> <span class='ocrx_word' id='word_1_246' title='bbox 667 4077 730 4139; x_wconf 84' lang='grc' dir='ltr'><strong>τοῦ</strong></span> <span class='ocrx_word' id='word_1_247' title='bbox 751 4061 940 4160; x_wconf 80' lang='grc' dir='ltr'><em>ἇνὰγνωθι)</em></span> <span class='ocrx_word' id='word_1_248' title='bbox 973 4072 1050 4138; x_wconf 90' lang='lat' dir='ltr'><strong>fides</strong></span> <span class='ocrx_word' id='word_1_249' title='bbox 1082 4073 1230 4139; x_wconf 86' lang='lat' dir='ltr'><strong>habenda</strong></span> <span class='ocrx_word' id='word_1_250' title='bbox 1257 4081 1321 4153; x_wconf 89' lang='lat' dir='ltr'><strong>est,</strong></span> <span class='ocrx_word' id='word_1_251' title='bbox 1351 4070 1455 4136; x_wconf 85' lang='lat' dir='ltr'><strong>scriba</strong></span> 
     </span>
     <span class='ocr_line' id='line_1_34' title="bbox 369 4171 1455 4272; baseline 0.003 -31"><span class='ocrx_word' id='word_1_252' title='bbox 369 4177 421 4242; x_wconf 90' lang='lat' dir='ltr'><strong>ille</strong></span> <span class='ocrx_word' id='word_1_253' title='bbox 441 4179 585 4264; x_wconf 88' lang='lat' dir='ltr'><strong>publicus</strong></span> <span class='ocrx_word' id='word_1_254' title='bbox 606 4181 732 4246; x_wconf 87' lang='lat' dir='ltr'><strong>videtur</strong></span> <span class='ocrx_word' id='word_1_255' title='bbox 763 4182 936 4272; x_wconf 79' lang='lat' dir='ltr'><strong>significari</strong></span> <span class='ocrx_word' id='word_1_256' title='bbox 966 4182 1020 4266; x_wconf 90' lang='lat' dir='ltr'><strong>qui</strong></span> <span class='ocrx_word' id='word_1_257' title='bbox 1047 4179 1222 4246; x_wconf 86' lang='lat' dir='ltr'><strong>vocabatur</strong></span> <span class='ocrx_word' id='word_1_258' title='bbox 1249 4171 1455 4268; x_wconf 78' lang='grc' dir='ltr'><em>γραμματεὺς</em></span> 
     </span>
     <span class='ocr_line' id='line_1_35' title="bbox 368 4281 1454 4376; baseline 0.002 -27"><span class='ocrx_word' id='word_1_259' title='bbox 368 4289 427 4374; x_wconf 81' lang='grc' dir='ltr'><strong>τῆς</strong></span> <span class='ocrx_word' id='word_1_260' title='bbox 447 4281 579 4366; x_wconf 74' lang='grc' dir='ltr'><em>πόλεως</em></span> <span class='ocrx_word' id='word_1_261' title='bbox 610 4291 660 4354; x_wconf 86' lang='lat' dir='ltr'><strong>vel</strong></span> <span class='ocrx_word' id='word_1_262' title='bbox 691 4293 753 4355; x_wconf 85' lang='grc' dir='ltr'><strong>τοῦ</strong></span> <span class='ocrx_word' id='word_1_263' title='bbox 785 4283 890 4376; x_wconf 79' lang='grc' dir='ltr'><em>δήμου</em></span> <span class='ocrx_word' id='word_1_264' title='bbox 920 4299 952 4354; x_wconf 90' lang='lat' dir='ltr'><strong>et</strong></span> <span class='ocrx_word' id='word_1_265' title='bbox 980 4291 1030 4355; x_wconf 91' lang='lat' dir='ltr'><strong>cui</strong></span> <span class='ocrx_word' id='word_1_266' title='bbox 1060 4300 1130 4356; x_wconf 84' lang='lat' dir='ltr'><strong>erat</strong></span> <span class='ocrx_word' id='word_1_267' title='bbox 1159 4311 1273 4354; x_wconf 87' lang='lat' dir='ltr'><strong>munus</strong></span> <span class='ocrx_word' id='word_1_268' title='bbox 1301 4286 1454 4354; x_wconf 86' lang='lat' dir='ltr'><strong>recitandi</strong></span> 
     </span>
    </p>
   </div>
   <div class='ocr_carea' id='block_1_6' title="bbox 0 0 1568 5176">
    <p class='ocr_par' dir='ltr' id='par_1_7' title="bbox 0 0 1568 5176">
     <span class='ocr_line' id='line_1_36' title="bbox 0 0 1568 5176; baseline 0 3"><span class='ocrx_word' id='word_1_269' title='bbox 0 0 1568 5176; x_wconf 95' lang='lat' dir='ltr'><strong> </strong></span> 
     </span>
    </p>
   </div>
  </div>
 </body>
</html>
