3126 5176
887 453 930 520 40

360 658 413 723 Ai.
438 657 498 722 134
517 651 673 732 πιθανῶς
694 644 786 741 αὐτᾷ
808 645 827 721 ὃ
856 648 959 741 χόρος
987 648 1182 721 ἐσκεύασται
1209 643 1277 720 ἀπὸ
1305 659 1452 738 Σαλαμι-

360 767 444 831 νίων
464 755 606 851 ἀνδρῶν,
641 769 744 830 τοῦτο
765 764 826 849 μὲν
846 763 1164 850 παρρησιαζομένων
1185 754 1230 840 ὡς
1252 761 1452 848 ἐλευθέρων,

364 878 467 939 τοῦτο
490 873 526 938 δὲ
548 876 734 957 συμπαθῶς
756 865 905 956 ἐχόντων
935 863 980 948 ὡς
1007 876 1167 951 πολιτῶν,
1189 873 1245 936 καὶ
1267 865 1453 956 αἰδημόνως

364 975 560 1047 λαλούντων
581 971 626 1057 ὡς
646 971 816 1065 ὑπηκόων.
861 979 982 1045 Contra
993 979 1081 1065 apud
1095 979 1282 1065 Euripidem
1299 1001 1338 1043 ex
1353 980 1453 1042 servis

366 1089 497 1154 chorum
519 1110 614 1174 saepe
635 1090 813 1153 invenimus
836 1090 1056 1174 compositum,
1087 1089 1142 1172 qui
1163 1089 1243 1152 mire
1264 1109 1302 1150 ac
1322 1085 1454 1149 ridicule

365 1219 595 1282 nonnunquam
617 1196 811 1261 inducuntur
832 1196 1046 1261 subtilissimis
1075 1205 1200 1260 utentes
1232 1193 1453 1280 disputationi-

366 1305 435 1389 bus,
458 1306 549 1390 quasi
570 1326 636 1369 non
657 1306 761 1369 minus
784 1306 849 1369 sint
872 1304 987 1370 eruditi
1009 1325 1104 1390 quam
1126 1303 1355 1368 illustrissimus
1371 1301 1454 1386 quis·
1535 1387 1536 1400 ρ

367 1434 429 1498 que
451 1413 567 1476 civium
589 1412 843 1477 Atheniensium.

448 1520 564 1605 Neque
585 1541 661 1584 vero
684 1542 809 1605 semper
824 1522 988 1607 παρρησία
1004 1520 1249 1585 Atheniensium
1263 1517 1457 1602 reipublicae

367 1629 427 1693 fuit
457 1628 634 1694 commodo.
690 1628 776 1694 Nam
808 1629 956 1694 defuncto
986 1630 1109 1694 Pericle
1146 1629 1201 1714 qui
1229 1649 1352 1692 summa
1383 1647 1455 1690 cum

367 1737 525 1821 sapientia
546 1735 652 1800 omnia
680 1735 962 1800 administraverat
989 1736 1250 1820 singulorumque
1278 1735 1457 1820 perniciosa
1536 1729 1537 1764 l

367 1843 474 1910 studia
495 1853 687 1926 coercuerat,
719 1846 741 1908 ii
772 1846 826 1929 qui
854 1843 895 1908 ad
916 1843 1133 1929 gubernacula
1152 1843 1345 1929 reipublicae
1366 1841 1455 1905 sede-

367 1954 446 2018 bant
477 1954 564 2036 volgi
594 1953 749 2017 inservire
779 1963 951 2036 coeperunt
981 1953 1197 2038 voluptatibus
1229 1973 1301 2016 cum
1333 1970 1457 2014 summo

349 2061 558 2126 'detrimento
581 2060 805 2144 reipublicae.
848 2059 920 2139 Quo
953 2060 1073 2124 factum
1103 2070 1169 2144 est,
1197 2071 1233 2124 ut
1260 2081 1317 2144 per
1339 2058 1458 2123 bellum

368 2168 689 2254 Peloponnesiacum,
721 2189 793 2230 cum
824 2169 885 2232 viri
912 2190 988 2233 vere
1017 2169 1113 2234 καλοὶ
1139 2157 1286 2253 κάγαθοὶ
1314 2166 1458 2231 emedio

367 2277 626 2362 reprimerentur,
648 2277 884 2340 contionatores
917 2285 954 2341 ut
982 2276 1176 2340 callidissimi
1203 2277 1249 2340 ita
1277 2277 1459 2361 pravissimi

323 2441 325 2446 .
368 2385 532 2450 rhetorum
553 2393 623 2447 arte
645 2382 922 2469 sophistarumque
944 2383 1089 2450 doctrina
1103 2385 1204 2468 abusi,
1228 2405 1299 2448 eum
1317 2385 1459 2468 ipsorum
1537 2411 1538 2456 3

369 2491 527 2558 commodi
548 2493 686 2556 maxime
707 2502 813 2556 essent
844 2492 998 2577 studiosi,
1029 2492 1265 2557 multitudinem
1295 2491 1356 2555 huc
1385 2491 1460 2556 illue

368 2600 542 2684 traherent,
564 2601 610 2681 ita
630 2611 666 2664 ut
686 2601 748 2685 ipsi
770 2621 859 2665 suam
881 2601 1110 2686 rempublicam
1133 2600 1346 2666 Athenienses
1372 2599 1458 2665 vide-

368 2718 480 2774 rentur
500 2710 649 2774 laoerare.
693 2709 802 2794 Atque
823 2710 896 2773 talis
913 2731 1019 2774 rerum
1040 2719 1142 2774 status
1164 2719 1200 2774 nt
1214 2710 1337 2794 patriae
1351 2730 1458 2773 aman·

368 2818 524 2882 tissimum
555 2838 713 2902 quemque
743 2817 909 2900 taedebat,
941 2819 987 2882 ita
1014 2817 1188 2902 Sophocles
1218 2817 1343 2880 illorum
1371 2819 1458 2902 volgi

370 2934 590 3008 corruptorum
612 2945 783 3009 eorumque
805 2935 1045 3010 praeceptorum
1075 2947 1170 3008 saepe
1199 2946 1354 2990 summam
1382 2947 1460 3011 prae

369 3055 404 3097 se
425 3032 489 3096 fert
509 3031 771 3115 indignationem.
815 3033 866 3096 Ao
885 3034 1015 3096 minime
1036 3032 1168 3097 fortuito
1199 3033 1351 3118 pleraque
1380 3035 1459 3098 eius·

369 3139 456 3204 modi
477 3140 683 3204 inveniuntur
713 3141 746 3203 in
768 3140 949 3205 Philocteta
981 3150 1012 3205 et
1041 3143 1073 3204 in
1104 3140 1184 3206 Oed.
1209 3140 1349 3206 Coloneo
1380 3163 1459 3226 quas

369 3248 494 3313 fabulas
517 3268 626 3312 earum
648 3269 729 3333 quae
750 3257 921 3333 supersunt
943 3258 1068 3313 constat
1097 3271 1165 3314 esse
1194 3251 1428 3314 recentissimas
1451 3275 1458 3315 :

369 3377 445 3420 nam
466 3355 525 3420 sub
554 3357 659 3441 ipsum
690 3355 787 3420 finem
820 3356 909 3440 belli,
932 3377 1042 3422 everso
1071 3357 1378 3442 quadringentorum
1405 3359 1459 3422 illo

370 3473 484 3530 senatu
521 3473 553 3528 et
595 3465 736 3549 quinque
769 3466 890 3529 milium
927 3467 1092 3550 contione,
1128 3465 1374 3531 Atheniensium
1407 3489 1459 3531 res

370 3571 499 3657 publica
520 3581 556 3636 ut
577 3571 651 3637 belli
674 3573 800 3638 casibus
830 3583 898 3638 erat
921 3585 1108 3660 consumpta
1135 3576 1180 3638 ita
1201 3575 1376 3663 factionum
1397 3574 1458 3638 dis·

371 3679 485 3744 cordiis
527 3679 620 3744 foede
661 3679 882 3746 dilaniabatur.
945 3681 1060 3768 Itaque
1101 3703 1293 3767 quamquam
1331 3683 1460 3746 minime

371 3788 543 3874 comprobo
575 3790 615 3853 A.
648 3789 780 3856 Scho'llii
812 3791 846 3874 (l.
869 3813 895 3855 o.
928 3813 958 3875 p.
981 3791 1042 3856 309
1065 3792 1149 3875 sqq.)
1184 3791 1359 3855 aliorumve
1390 3813 1459 3855 sen-

371 3897 505 3962 tentiam
536 3898 591 3981 qui
622 3898 655 3960 in
684 3897 863 3962 Philocteta
890 3899 1003 3963 volunt
1031 3898 1090 3962 sub
1122 3901 1285 3982 agentium
1317 3901 1460 3984 personis

370 4006 470 4070 latere
492 4027 546 4070 eos
569 4007 712 4091 quitum
734 4007 767 4070 in
788 4006 1034 4071 Atheniensium
1055 4007 1217 4092 republica
1238 4007 1358 4093 aliquid
1386 4028 1459 4090 ege-

370 4114 450 4192 rint,
481 4112 543 4177 hoc
573 4123 681 4179 tamen
711 4137 776 4179 non
808 4116 994 4198 negaverim
1015 4113 1147 4181 Ulixem
1168 4116 1257 4179 illum
1278 4137 1348 4180 esse
1370 4115 1459 4200 quasi

372 4221 545 4304 imaginem
589 4223 817 4288 contionatoris
861 4223 1085 4309 (δημαγωγοῦ)
1130 4223 1343 4308 sophistarum
1387 4222 1459 4287 doo-

372 4328 458 4394 trina
486 4331 624 4394 instituti
656 4332 710 4415 qui
738 4331 811 4394 dolo
839 4340 936 4416 atque
964 4329 1086 4394 insidiis
1116 4333 1311 4416 propositum
1334 4331 1460 4396 studeat
