<?xml version="1.0" encoding="UTF-8"?>
<!DOCTYPE html PUBLIC "-//W3C//DTD XHTML 1.0 Transitional//EN"
    "http://www.w3.org/TR/xhtml1/DTD/xhtml1-transitional.dtd">
<html xmlns="http://www.w3.org/1999/xhtml" xml:lang="en" lang="en">
 <head>
  <title>
</title>
<meta http-equiv="Content-Type" content="text/html;charset=utf-8" />
  <meta name='ocr-system' content='tesseract 3.04.00' />
  <meta name='ocr-capabilities' content='ocr_page ocr_carea ocr_par ocr_line ocrx_word'/>
</head>
<body>
  <div class='ocr_page' id='page_1' title='image "./sophoclesquemad00beckgoog_0100.png"; bbox 0 0 3126 5176; ppageno 0'>
   <div class='ocr_carea' id='block_1_1' title="bbox 0 417 3 1751">
    <p class='ocr_par' dir='ltr' id='par_1_1' title="bbox 0 417 3 1751">
     <span class='ocr_line' id='line_1_1' title="bbox 0 417 3 1751; baseline 0 0"><span class='ocrx_word' id='word_1_1' title='bbox 0 417 3 1751; x_wconf 95' lang='lat' dir='ltr'> </span> 
     </span>
    </p>
   </div>
   <div class='ocr_carea' id='block_1_2' title="bbox 0 2866 2 3527">
    <p class='ocr_par' dir='ltr' id='par_1_2' title="bbox 0 2866 2 3527">
     <span class='ocr_line' id='line_1_2' title="bbox 0 2866 2 3527; baseline 0 0"><span class='ocrx_word' id='word_1_2' title='bbox 0 2866 2 3527; x_wconf 95' lang='lat' dir='ltr'> </span> 
     </span>
    </p>
   </div>
   <div class='ocr_carea' id='block_1_3' title="bbox 628 1223 802 1308">
    <p class='ocr_par' dir='ltr' id='par_1_3' title="bbox 628 1223 802 1308">
     <span class='ocr_line' id='line_1_3' title="bbox 628 1223 802 1308; baseline 0.011 -2"><span class='ocrx_word' id='word_1_3' title='bbox 628 1223 802 1308; x_wconf 81' lang='lat' dir='ltr'>ver.</span> 
     </span>
    </p>
   </div>
   <div class='ocr_carea' id='block_1_4' title="bbox 669 1415 768 1422">
    <p class='ocr_par' dir='ltr' id='par_1_4' title="bbox 669 1415 768 1422">
     <span class='ocr_line' id='line_1_4' title="bbox 669 1415 768 1422; baseline 0.01 -1"><span class='ocrx_word' id='word_1_4' title='bbox 669 1415 768 1422; x_wconf 77' lang='grc'>---</span> 
     </span>
    </p>
   </div>
   <div class='ocr_carea' id='block_1_5' title="bbox 169 1517 1284 3106">
    <p class='ocr_par' dir='ltr' id='par_1_5' title="bbox 169 1517 1284 3106">
     <span class='ocr_line' id='line_1_5' title="bbox 253 1517 1284 1604; baseline 0.002 -22"><span class='ocrx_word' id='word_1_5' title='bbox 253 1517 465 1604; x_wconf 87' lang='lat' dir='ltr'>Rudolfus</span> <span class='ocrx_word' id='word_1_6' title='bbox 488 1517 650 1582; x_wconf 79' lang='lat' dir='ltr'>Becker</span> <span class='ocrx_word' id='word_1_7' title='bbox 673 1518 952 1583; x_wconf 81' lang='lat' dir='ltr'>Gernshemiensis</span> <span class='ocrx_word' id='word_1_8' title='bbox 973 1529 1067 1584; x_wconf 85' lang='lat' dir='ltr'>natus</span> <span class='ocrx_word' id='word_1_9' title='bbox 1090 1543 1160 1584; x_wconf 91' lang='lat' dir='ltr'>sum</span> <span class='ocrx_word' id='word_1_10' title='bbox 1182 1543 1210 1584; x_wconf 83' lang='lat' dir='ltr'>a.</span> <span class='ocrx_word' id='word_1_11' title='bbox 1233 1520 1284 1586; x_wconf 86' lang='lat' dir='ltr'>d.-</span> 
     </span>
     <span class='ocr_line' id='line_1_6' title="bbox 170 1621 1264 1712; baseline 0.002 -22"><span class='ocrx_word' id='word_1_12' title='bbox 170 1623 254 1690; x_wconf 90' lang='lat' dir='ltr'>XIV</span> <span class='ocrx_word' id='word_1_13' title='bbox 264 1625 331 1690; x_wconf 78' lang='lat' dir='ltr'>cal.</span> <span class='ocrx_word' id='word_1_14' title='bbox 348 1621 483 1688; x_wconf 84' lang='lat' dir='ltr'>Marta.</span> <span class='ocrx_word' id='word_1_15' title='bbox 498 1625 578 1690; x_wconf 87' lang='grc'><strong>1863</strong></span> <span class='ocrx_word' id='word_1_16' title='bbox 589 1635 681 1709; x_wconf 85' lang='lat' dir='ltr'>patre</span> <span class='ocrx_word' id='word_1_17' title='bbox 692 1625 851 1709; x_wconf 77' lang='lat' dir='ltr'>Gustare,</span> <span class='ocrx_word' id='word_1_18' title='bbox 865 1638 968 1691; x_wconf 84' lang='lat' dir='ltr'>matre</span> <span class='ocrx_word' id='word_1_19' title='bbox 983 1627 1119 1691; x_wconf 84' lang='lat' dir='ltr'>Paulina</span> <span class='ocrx_word' id='word_1_20' title='bbox 1134 1652 1151 1692; x_wconf 89' lang='lat' dir='ltr'>e</span> <span class='ocrx_word' id='word_1_21' title='bbox 1166 1639 1264 1712; x_wconf 87' lang='lat' dir='ltr'>gente</span> 
     </span>
     <span class='ocr_line' id='line_1_7' title="bbox 170 1732 1263 1817; baseline 0 -17"><span class='ocrx_word' id='word_1_22' title='bbox 170 1733 332 1800; x_wconf 83' lang='lat' dir='ltr'>Schaefcr.</span> <span class='ocrx_word' id='word_1_23' title='bbox 377 1732 489 1796; x_wconf 81' lang='lat' dir='ltr'>Fidem</span> <span class='ocrx_word' id='word_1_24' title='bbox 511 1732 663 1817; x_wconf 92' lang='lat' dir='ltr'>profiteor</span> <span class='ocrx_word' id='word_1_25' title='bbox 684 1735 913 1817; x_wconf 81' lang='lat' dir='ltr'>evangelicam.</span> <span class='ocrx_word' id='word_1_26' title='bbox 954 1733 1149 1798; x_wconf 79' lang='lat' dir='ltr'><strong>Litterarum</strong></span> <span class='ocrx_word' id='word_1_27' title='bbox 1179 1735 1263 1800; x_wconf 88' lang='lat' dir='ltr'>rudi·</span> 
     </span>
     <span class='ocr_line' id='line_1_8' title="bbox 172 1839 1265 1926; baseline 0.003 -22"><span class='ocrx_word' id='word_1_28' title='bbox 172 1843 289 1904; x_wconf 90' lang='lat' dir='ltr'>mentis</span> <span class='ocrx_word' id='word_1_29' title='bbox 311 1841 343 1903; x_wconf 92' lang='lat' dir='ltr'>in</span> <span class='ocrx_word' id='word_1_30' title='bbox 366 1841 472 1923; x_wconf 82' lang='lat' dir='ltr'>petria</span> <span class='ocrx_word' id='word_1_31' title='bbox 492 1839 571 1903; x_wconf 91' lang='lat' dir='ltr'>urbe</span> <span class='ocrx_word' id='word_1_32' title='bbox 589 1839 730 1904; x_wconf 88' lang='lat' dir='ltr'>imbutus</span> <span class='ocrx_word' id='word_1_33' title='bbox 753 1851 906 1905; x_wconf 81' lang='lat' dir='ltr'>autumno</span> <span class='ocrx_word' id='word_1_34' title='bbox 928 1863 956 1905; x_wconf 81' lang='lat' dir='ltr'>a.</span> <span class='ocrx_word' id='word_1_35' title='bbox 984 1842 1061 1906; x_wconf 86' lang='grc'><strong>1876</strong></span> <span class='ocrx_word' id='word_1_36' title='bbox 1083 1844 1115 1906; x_wconf 88' lang='grc'>111</span> <span class='ocrx_word' id='word_1_37' title='bbox 1130 1847 1265 1926; x_wconf 78' lang='lat' dir='ltr'>&#39;gymna-</span> 
     </span>
     <span class='ocr_line' id='line_1_9' title="bbox 171 1945 1265 2034; baseline 0.004 -24"><span class='ocrx_word' id='word_1_38' title='bbox 171 1948 254 2011; x_wconf 87' lang='lat' dir='ltr'>sium</span> <span class='ocrx_word' id='word_1_39' title='bbox 274 1945 539 2011; x_wconf 78' lang='lat' dir='ltr'>Darmstadiuuin</span> <span class='ocrx_word' id='word_1_40' title='bbox 560 1956 708 2031; x_wconf 89' lang='lat' dir='ltr'>receptus</span> <span class='ocrx_word' id='word_1_41' title='bbox 730 1969 808 2011; x_wconf 87' lang='lat' dir='ltr'>sum.</span> <span class='ocrx_word' id='word_1_42' title='bbox 858 1947 925 2013; x_wconf 91' lang='lat' dir='ltr'>Ubi</span> <span class='ocrx_word' id='word_1_43' title='bbox 955 1958 1098 2034; x_wconf 89' lang='lat' dir='ltr'>tempore</span> <span class='ocrx_word' id='word_1_44' title='bbox 1124 1950 1265 2034; x_wconf 83' lang='lat' dir='ltr'>paschali</span> 
     </span>
     <span class='ocr_line' id='line_1_10' title="bbox 171 2055 1264 2140; baseline 0.002 -22"><span class='ocrx_word' id='word_1_45' title='bbox 171 2077 198 2118; x_wconf 84' lang='lat' dir='ltr'>a.</span> <span class='ocrx_word' id='word_1_46' title='bbox 224 2055 304 2120; x_wconf 88' lang='grc'><strong>1883</strong></span> <span class='ocrx_word' id='word_1_47' title='bbox 325 2056 519 2119; x_wconf 81' lang='lat' dir='ltr'><strong>maturitatis</strong></span> <span class='ocrx_word' id='word_1_48' title='bbox 541 2056 758 2140; x_wconf 81' lang='lat' dir='ltr'>testimonium</span> <span class='ocrx_word' id='word_1_49' title='bbox 785 2055 920 2139; x_wconf 78' lang='lat' dir='ltr'>adeptus</span> <span class='ocrx_word' id='word_1_50' title='bbox 949 2077 1006 2140; x_wconf 89' lang='lat' dir='ltr'>per</span> <span class='ocrx_word' id='word_1_51' title='bbox 1028 2077 1124 2119; x_wconf 91' lang='lat' dir='ltr'>uuum</span> <span class='ocrx_word' id='word_1_52' title='bbox 1146 2079 1264 2120; x_wconf 86' lang='lat' dir='ltr'>annum</span> 
     </span>
     <span class='ocr_line' id='line_1_11' title="bbox 171 2153 1266 2248; baseline 0.004 -24"><span class='ocrx_word' id='word_1_53' title='bbox 171 2161 331 2246; x_wconf 83' lang='lat' dir='ltr'>stipendia</span> <span class='ocrx_word' id='word_1_54' title='bbox 352 2162 422 2226; x_wconf 87' lang='lat' dir='ltr'>feci.</span> <span class='ocrx_word' id='word_1_55' title='bbox 477 2162 605 2227; x_wconf 82' lang='lat' dir='ltr'>Deinde</span> <span class='ocrx_word' id='word_1_56' title='bbox 634 2163 668 2225; x_wconf 94' lang='lat' dir='ltr'>in</span> <span class='ocrx_word' id='word_1_57' title='bbox 688 2153 897 2228; x_wconf 79' lang='lat' dir='ltr'>universitate</span> <span class='ocrx_word' id='word_1_58' title='bbox 917 2162 1104 2228; x_wconf 80' lang='lat' dir='ltr'>Monacensi</span> <span class='ocrx_word' id='word_1_59' title='bbox 1125 2186 1182 2248; x_wconf 94' lang='lat' dir='ltr'>per</span> <span class='ocrx_word' id='word_1_60' title='bbox 1204 2165 1266 2228; x_wconf 81' lang='lat' dir='ltr'>tria</span> 
     </span>
     <span class='ocr_line' id='line_1_12' title="bbox 171 2269 1264 2356; baseline 0.003 -24"><span class='ocrx_word' id='word_1_61' title='bbox 171 2269 338 2332; x_wconf 77' lang='lat' dir='ltr'>semestris</span> <span class='ocrx_word' id='word_1_62' title='bbox 354 2271 387 2332; x_wconf 94' lang='lat' dir='ltr'>in</span> <span class='ocrx_word' id='word_1_63' title='bbox 402 2270 566 2354; x_wconf 77' lang='lat' dir='ltr'>philologo</span> <span class='ocrx_word' id='word_1_64' title='bbox 581 2269 687 2334; x_wconf 79' lang='lat' dir='ltr'>studia</span> <span class='ocrx_word' id='word_1_65' title='bbox 704 2270 834 2334; x_wconf 91' lang='lat' dir='ltr'>incubui</span> <span class='ocrx_word' id='word_1_66' title='bbox 850 2270 1038 2356; x_wconf 80' lang='lat' dir='ltr'>scholasque</span> <span class='ocrx_word' id='word_1_67' title='bbox 1052 2271 1160 2336; x_wconf 81' lang='lat' dir='ltr'>audivi</span> <span class='ocrx_word' id='word_1_68' title='bbox 1182 2274 1264 2335; x_wconf 88' lang='lat' dir='ltr'>viro·</span> 
     </span>
     <span class='ocr_line' id='line_1_13' title="bbox 169 2375 1264 2444; baseline 0.005 -6"><span class='ocrx_word' id='word_1_69' title='bbox 169 2397 240 2438; x_wconf 92' lang='lat' dir='ltr'>rum</span> <span class='ocrx_word' id='word_1_70' title='bbox 272 2375 571 2440; x_wconf 84' lang='lat' dir='ltr'>humanissimorum</span> <span class='ocrx_word' id='word_1_71' title='bbox 604 2376 752 2442; x_wconf 83' lang='lat' dir='ltr'>Ohrist</span> <span class='ocrx_word' id='word_1_72' title='bbox 785 2377 1075 2444; x_wconf 82' lang='lat' dir='ltr'>Giesebrecht</span> <span class='ocrx_word' id='word_1_73' title='bbox 1111 2380 1264 2444; x_wconf 82' lang='lat' dir='ltr'>Prentl</span> 
     </span>
     <span class='ocr_line' id='line_1_14' title="bbox 172 2483 1264 2553; baseline 0.001 -4"><span class='ocrx_word' id='word_1_74' title='bbox 172 2483 337 2549; x_wconf 84' lang='lat' dir='ltr'>Schoell</span> <span class='ocrx_word' id='word_1_75' title='bbox 370 2483 605 2548; x_wconf 87' lang='lat' dir='ltr'>Woelfflin.</span> <span class='ocrx_word' id='word_1_76' title='bbox 650 2484 747 2550; x_wconf 89' lang='lat' dir='ltr'>Unde</span> <span class='ocrx_word' id='word_1_77' title='bbox 760 2495 912 2550; x_wconf 85' lang='lat' dir='ltr'>autumno</span> <span class='ocrx_word' id='word_1_78' title='bbox 927 2509 956 2550; x_wconf 88' lang='lat' dir='ltr'>a.</span> <span class='ocrx_word' id='word_1_79' title='bbox 974 2487 1054 2551; x_wconf 81' lang='grc'><strong>1881)</strong></span> <span class='ocrx_word' id='word_1_80' title='bbox 1069 2487 1199 2553; x_wconf 82' lang='lat' dir='ltr'>Gisscm</span> <span class='ocrx_word' id='word_1_81' title='bbox 1213 2509 1264 2552; x_wconf 93' lang='lat' dir='ltr'>me</span> 
     </span>
     <span class='ocr_line' id='line_1_15' title="bbox 171 2591 1263 2676; baseline 0.003 -22"><span class='ocrx_word' id='word_1_82' title='bbox 171 2592 290 2655; x_wconf 86' lang='lat' dir='ltr'>contuli</span> <span class='ocrx_word' id='word_1_83' title='bbox 311 2591 419 2676; x_wconf 92' lang='lat' dir='ltr'>ibique</span> <span class='ocrx_word' id='word_1_84' title='bbox 440 2613 540 2676; x_wconf 89' lang='lat' dir='ltr'>usque</span> <span class='ocrx_word' id='word_1_85' title='bbox 562 2591 603 2655; x_wconf 83' lang='lat' dir='ltr'>ad</span> <span class='ocrx_word' id='word_1_86' title='bbox 625 2601 812 2655; x_wconf 82' lang='lat' dir='ltr'>autumnum</span> <span class='ocrx_word' id='word_1_87' title='bbox 834 2615 862 2656; x_wconf 83' lang='lat' dir='ltr'>a.</span> <span class='ocrx_word' id='word_1_88' title='bbox 887 2593 965 2657; x_wconf 79' lang='lat'>1887</span> <span class='ocrx_word' id='word_1_89' title='bbox 994 2605 1139 2658; x_wconf 84' lang='lat' dir='ltr'>versatus</span> <span class='ocrx_word' id='word_1_90' title='bbox 1167 2596 1263 2658; x_wconf 87' lang='lat' dir='ltr'>inter-</span> 
     </span>
     <span class='ocr_line' id='line_1_16' title="bbox 170 2698 1263 2784; baseline 0.002 -22"><span class='ocrx_word' id='word_1_91' title='bbox 170 2698 217 2762; x_wconf 85' lang='lat' dir='ltr'>fui</span> <span class='ocrx_word' id='word_1_92' title='bbox 248 2698 364 2762; x_wconf 90' lang='lat' dir='ltr'>scholis</span> <span class='ocrx_word' id='word_1_93' title='bbox 398 2699 744 2784; x_wconf 76' lang='lat' dir='ltr'>exercitationibusque</span> <span class='ocrx_word' id='word_1_94' title='bbox 782 2702 923 2763; x_wconf 89' lang='lat' dir='ltr'>virorum</span> <span class='ocrx_word' id='word_1_95' title='bbox 964 2700 1263 2764; x_wconf 86' lang='lat' dir='ltr'>humanissimorum</span> 
     </span>
     <span class='ocr_line' id='line_1_17' title="bbox 170 2804 1264 2893; baseline 0.001 -23"><span class='ocrx_word' id='word_1_96' title='bbox 170 2804 334 2870; x_wconf 81' lang='lat' dir='ltr'>Braune</span> <span class='ocrx_word' id='word_1_97' title='bbox 361 2805 536 2872; x_wconf 91' lang='lat' dir='ltr'>Oncken</span> <span class='ocrx_word' id='word_1_98' title='bbox 566 2806 757 2891; x_wconf 92' lang='lat' dir='ltr'>Philippi</span> <span class='ocrx_word' id='word_1_99' title='bbox 790 2808 872 2870; x_wconf 88' lang='lat' dir='ltr'>bar.</span> <span class='ocrx_word' id='word_1_100' title='bbox 895 2807 1051 2893; x_wconf 86' lang='lat' dir='ltr'>aRopp</span> <span class='ocrx_word' id='word_1_101' title='bbox 1082 2807 1264 2873; x_wconf 83' lang='lat' dir='ltr'>Schiller</span> 
     </span>
     <span class='ocr_line' id='line_1_18' title="bbox 169 2912 1263 3000; baseline -0.001 -22"><span class='ocrx_word' id='word_1_102' title='bbox 169 2912 359 2978; x_wconf 84' lang='lat' dir='ltr'>Schmidt</span> <span class='ocrx_word' id='word_1_103' title='bbox 389 2913 587 2979; x_wconf 83' lang='lat' dir='ltr'>Siebeck.</span> <span class='ocrx_word' id='word_1_104' title='bbox 661 2915 832 2981; x_wconf 83' lang='lat' dir='ltr'>Seminarii</span> <span class='ocrx_word' id='word_1_105' title='bbox 870 2914 1024 3000; x_wconf 88' lang='lat' dir='ltr'>philologi</span> <span class='ocrx_word' id='word_1_106' title='bbox 1063 2913 1180 2978; x_wconf 80' lang='lat' dir='ltr'>sodalis</span> <span class='ocrx_word' id='word_1_107' title='bbox 1217 2914 1263 2978; x_wconf 82' lang='lat' dir='ltr'>lui</span> 
     </span>
     <span class='ocr_line' id='line_1_19' title="bbox 170 3021 1265 3106; baseline 0.001 -22"><span class='ocrx_word' id='word_1_108' title='bbox 170 3021 358 3084; x_wconf 80' lang='lat' dir='ltr'>ordinarius.</span> <span class='ocrx_word' id='word_1_109' title='bbox 408 3021 578 3087; x_wconf 80' lang='lat' dir='ltr'>Facultcte</span> <span class='ocrx_word' id='word_1_110' title='bbox 606 3022 741 3087; x_wconf 92' lang='lat' dir='ltr'>docendi</span> <span class='ocrx_word' id='word_1_111' title='bbox 762 3045 836 3088; x_wconf 89' lang='lat' dir='ltr'>uon.</span> <span class='ocrx_word' id='word_1_112' title='bbox 859 3021 954 3086; x_wconf 84' lang='lat' dir='ltr'>Mart.</span> <span class='ocrx_word' id='word_1_113' title='bbox 977 3045 1005 3086; x_wconf 86' lang='lat' dir='ltr'>c.</span> <span class='ocrx_word' id='word_1_114' title='bbox 1029 3022 1110 3087; x_wconf 88' lang='lat'>1888</span> <span class='ocrx_word' id='word_1_115' title='bbox 1131 3031 1265 3106; x_wconf 82' lang='lat' dir='ltr'>accepta</span> 
     </span>
    </p>
   </div>
   <div class='ocr_carea' id='block_1_6' title="bbox 169 3127 1264 3538">
    <p class='ocr_par' dir='ltr' id='par_1_6' title="bbox 169 3127 1264 3322">
     <span class='ocr_line' id='line_1_20' title="bbox 170 3127 1264 3216; baseline 0.002 -26"><span class='ocrx_word' id='word_1_116' title='bbox 170 3127 411 3192; x_wconf 80' lang='lat' dir='ltr'>Darmstadium</span> <span class='ocrx_word' id='word_1_117' title='bbox 433 3151 484 3193; x_wconf 92' lang='lat' dir='ltr'>mc</span> <span class='ocrx_word' id='word_1_118' title='bbox 505 3131 634 3213; x_wconf 91' lang='lat' dir='ltr'>contuli,</span> <span class='ocrx_word' id='word_1_119' title='bbox 658 3142 694 3195; x_wconf 91' lang='lat' dir='ltr'>ut</span> <span class='ocrx_word' id='word_1_120' title='bbox 715 3153 773 3216; x_wconf 90' lang='lat' dir='ltr'>per</span> <span class='ocrx_word' id='word_1_121' title='bbox 795 3152 913 3195; x_wconf 82' lang='lat' dir='ltr'>annum</span> <span class='ocrx_word' id='word_1_122' title='bbox 936 3130 1114 3214; x_wconf 88' lang='lat' dir='ltr'>legitimum</span> <span class='ocrx_word' id='word_1_123' title='bbox 1129 3128 1264 3193; x_wconf 90' lang='lat' dir='ltr'>docendi</span> 
     </span>
     <span class='ocr_line' id='line_1_21' title="bbox 169 3234 872 3322; baseline 0.007 -24"><span class='ocrx_word' id='word_1_124' title='bbox 169 3234 354 3301; x_wconf 81' lang='lat' dir='ltr'>facultatem</span> <span class='ocrx_word' id='word_1_125' title='bbox 376 3237 409 3298; x_wconf 93' lang='lat' dir='ltr'>in</span> <span class='ocrx_word' id='word_1_126' title='bbox 432 3239 599 3319; x_wconf 85' lang='lat' dir='ltr'>gymnasio</span> <span class='ocrx_word' id='word_1_127' title='bbox 621 3239 872 3322; x_wconf 81' lang='lat' dir='ltr'>comprobarem.</span> 
     </span>
    </p>

    <p class='ocr_par' dir='ltr' id='par_1_7' title="bbox 170 3341 1263 3538">
     <span class='ocr_line' id='line_1_22' title="bbox 251 3341 1263 3430; baseline 0.002 -24"><span class='ocrx_word' id='word_1_128' title='bbox 251 3341 321 3406; x_wconf 80' lang='lat' dir='ltr'>Iam</span> <span class='ocrx_word' id='word_1_129' title='bbox 342 3341 489 3404; x_wconf 87' lang='lat' dir='ltr'>omnibus</span> <span class='ocrx_word' id='word_1_130' title='bbox 510 3346 772 3429; x_wconf 81' lang='lat' dir='ltr'>praeceptoribus</span> <span class='ocrx_word' id='word_1_131' title='bbox 793 3347 891 3429; x_wconf 88' lang='lat' dir='ltr'>meis,</span> <span class='ocrx_word' id='word_1_132' title='bbox 926 3347 1081 3430; x_wconf 85' lang='lat' dir='ltr'>imprimis</span> <span class='ocrx_word' id='word_1_133' title='bbox 1104 3344 1263 3429; x_wconf 92' lang='lat' dir='ltr'>Philippio</span> 
     </span>
     <span class='ocr_line' id='line_1_23' title="bbox 170 3448 1262 3538; baseline 0.005 -26"><span class='ocrx_word' id='word_1_134' title='bbox 170 3448 400 3531; x_wconf 83' lang='grc'><strong>018011111111110,</strong></span> <span class='ocrx_word' id='word_1_135' title='bbox 422 3450 543 3532; x_wconf 80' lang='lat' dir='ltr'>gratias</span> <span class='ocrx_word' id='word_1_136' title='bbox 565 3473 628 3534; x_wconf 82' lang='lat' dir='ltr'>ago</span> <span class='ocrx_word' id='word_1_137' title='bbox 643 3472 833 3536; x_wconf 91' lang='lat' dir='ltr'>semperque</span> <span class='ocrx_word' id='word_1_138' title='bbox 847 3451 972 3516; x_wconf 80' lang='lat' dir='ltr'>habebo</span> <span class='ocrx_word' id='word_1_139' title='bbox 988 3475 1083 3538; x_wconf 83' lang='lat' dir='ltr'>quam</span> <span class='ocrx_word' id='word_1_140' title='bbox 1097 3454 1262 3518; x_wconf 78' lang='lat' dir='ltr'>maximas.</span> 
     </span>
    </p>
   </div>
   <div class='ocr_carea' id='block_1_7' title="bbox 0 0 1568 5176">
    <p class='ocr_par' dir='ltr' id='par_1_8' title="bbox 0 0 1568 5176">
     <span class='ocr_line' id='line_1_24' title="bbox 0 0 1568 5176; baseline 0 0"><span class='ocrx_word' id='word_1_141' title='bbox 0 0 1568 5176; x_wconf 95' lang='lat' dir='ltr'> </span> 
     </span>
    </p>
   </div>
  </div>
 </body>
</html>
