3126 5176
892 407 935 474 64

368 613 425 682 sed
446 631 544 698 penes
573 610 725 696 populum
746 609 943 693 Argivorum
971 627 1129 676 summum
1150 617 1199 674 est
1220 607 1388 684 arbitrium
1406 609 1459 674 cni

368 724 437 807 ipse
458 741 517 784 rex
539 717 635 782 debet
650 717 763 782 cedere
778 717 833 800 (of.
855 717 917 782 368
932 739 979 803 sq.
1002 716 1065 782 398
1077 738 1148 802 sqq.
1170 717 1287 802 seseq.
1309 716 1371 782 698
1382 717 1457 801 sq.).

369 829 433 908 Qui
475 828 623 894 contione
656 835 831 918 convocata
863 825 918 909 (cf.
950 826 1010 890 517
1032 824 1118 910 sqq.)
1152 846 1223 890 cum
1263 825 1458 910 persuaserit

370 936 511 1020 Argivis,
534 944 570 1000 nt
591 934 722 1000 deorum
743 935 823 1000 iram
844 934 940 1000 veriti
961 933 1119 1018 supplices
1141 934 1324 1018 exciperent
1338 933 1458 1014 (616-

368 1044 455 1129 620),
477 1064 535 1127 per
547 1044 758 1128 χειροτονίαν
773 1042 857 1125 (604.
869 1042 940 1107 607.
952 1041 1027 1124 621)
1043 1040 1080 1108 fit
1100 1034 1253 1126 ψήφισμα
1274 1041 1350 1124 (608
1358 1041 1458 1124 sqq.),

369 1161 404 1217 ut
425 1151 497 1218 illae
519 1152 558 1218 iu·
574 1149 735 1236 publicum
756 1149 929 1234 hospitium
952 1150 1132 1233 (μετοικεῖν
1146 1147 1222 1230 609)
1238 1149 1458 1232 recipiantur:
1537 1177 1538 1228 l

369 1261 423 1346 qui
444 1267 611 1327 versantes
633 1259 666 1322 in
688 1258 828 1342 periculo
855 1275 920 1322 non
949 1255 1124 1341 adiuverit,
1155 1257 1186 1322 ei
1213 1277 1298 1340 aqua
1327 1266 1359 1320 ‘et
1386 1257 1458 1340 igni

368 1367 576 1454 interdicatur
597 1365 696 1448 (614).
747 1368 797 1430 Αο
823 1374 915 1430 tanta
941 1365 1096 1430 facilitate
1125 1363 1282 1449 arripiunt
1311 1363 1342 1430 id
1368 1363 1458 1448 quod

368 1498 426 1544 rex
446 1484 634 1559 rogaverat,
661 1483 697 1538 ut
727 1475 823 1538 etiam
852 1463 933 1538 cluso
961 1477 1123 1559 κλητῆρος
1151 1473 1193 1538 ad
1221 1493 1319 1536 unum
1346 1493 1459 1538 omnes

369 1583 483 1650 tollant
512 1602 655 1648 manns:
688 1581 774 1666 quod
800 1581 1015 1646 revocandum
1045 1592 1094 1646 est
1122 1581 1164 1648 ad
1194 1580 1458 1648 consuetudinem

368 1693 455 1758 illam
487 1690 732 1758 Atheniensium
766 1710 861 1774 quam
895 1699 983 1754 recte
1014 1689 1176 1773 signifieat
1209 1688 1306 1754 schol.
1328 1687 1370 1752 ad
1391 1687 1423 1752 h.
1440 1689 1460 1752 l.

369 1801 449 1885 πρὶν
469 1799 576 1864 εἰπεῖν
605 1792 667 1864 τὸν
696 1791 840 1884 κήρυκα·
870 1788 984 1884 ἀράτω
1012 1791 1072 1874 τὰς
1098 1810 1225 1882 χεῖρας,
1255 1787 1324 1883 ὅτῳ
1351 1800 1460 1862 ταῦτα

370 1908 469 1974 δοκεῖ.
527 1905 642 1991 Neque
675 1908 842 1992 quisquam
875 1908 987 1991 opinor
1019 1904 1179 1970 dubitabit
1209 1905 1287 1990 quin
1314 1925 1395 1990 quae
1426 1906 1460 1968 in

369 2036 466 2079 scena
487 2013 668 2098 agebantur
686 2014 851 2099 aliquanto
872 2015 967 2080 altius
989 2014 1149 2080 haeserint
1180 2014 1214 2076 in
1243 2021 1461 2098 spectatorum

370 2123 494 2205 animis,
517 2123 544 2185 si
565 2121 786 2205 agnoscebant
806 2123 840 2188 in
861 2121 978 2188 fabulis
1000 2121 1154 2188 eiusmodi
1176 2143 1227 2186 res
1243 2141 1326 2206 quae
1343 2119 1462 2184 cotidie

370 2230 447 2315 ipsis
469 2239 598 2316 praesto
621 2239 728 2296 esseut
750 2251 845 2314 quam
867 2231 894 2293 si
915 2231 1054 2314 priscum
1075 2251 1181 2296 rerum
1210 2239 1327 2294 statum
1349 2228 1462 2293 labore

371 2336 509 2423 quodam
530 2338 646 2404 mentis
669 2335 829 2402 debebant
850 2346 1002 2423 repetere.
1057 2337 1128 2417 Quo
1150 2337 1281 2402 oonsilio
1303 2335 1461 2402 adductus
1539 2377 1540 2414 ,

370 2453 468 2530 poeta
490 2465 673 2530 expressam
704 2443 798 2510 finxit
820 2444 1063 2512 Atheniensium
1092 2447 1248 2510 contionis
1276 2445 1460 2528 imaginem.

369 2553 477 2619 Nihilo
508 2563 617 2620 tamen
651 2554 754 2618 minus
783 2553 964 2640 Aeschylea
992 2554 1073 2620 ratio
1103 2552 1144 2618 ab
1176 2551 1348 2638 Euripides
1378 2575 1462 2638 quae

370 2661 481 2727 eodem
512 2661 579 2726 fere
611 2660 714 2728 tendit
743 2661 840 2745 longe
868 2661 973 2726 aliena
1003 2671 1060 2726 est.
1115 2660 1255 2726 Primum
1281 2661 1366 2724 enim
1388 2683 1461 2725 oum

369 2769 548 2855 Aeschylus
578 2769 753 2854 simplicem
784 2768 936 2854 praebeat
962 2770 1177 2836 narrationem
1203 2778 1237 2834 et
1265 2769 1384 2854 inqua
1406 2791 1458 2833 ex·

370 2877 488 2942 teriora
516 2886 657 2960 tantum,
691 2887 727 2942 ut
758 2878 803 2943 ita
817 2921 819 2925 -
833 2876 951 2960 dicam,
982 2876 1187 2942 sollemnibus
1214 2876 1460 2944 Atheniensium

371 2984 504 3050 vocibus
526 2984 755 3068 significentur,
778 2987 866 3070 ipsae
887 2995 993 3052 autem
1017 2995 1120 3050 atres
1143 2995 1175 3050 et
1196 3005 1352 3070 personae
1366 2985 1462 3070 plane

371 3093 457 3157 intra
479 3093 620 3158 fabulam
642 3095 766 3179 positae
786 3093 933 3160 heroicae
954 3095 1068 3158 aetatis
1083 3095 1212 3188 ingenio
1234 3093 1460 3179 respondeant,

373 3199 561 3287 Euripidem
584 3200 720 3268 vidimus
742 3204 843 3286 ipsam
866 3203 966 3266 vitam
987 3203 1121 3284 civilem,
1144 3202 1318 3268 factionum
1340 3201 1459 3266 discor·
1540 3269 1541 3274 ,

373 3308 450 3390 dias,
474 3310 565 3378 varia
588 3310 702 3376 civium
724 3331 844 3394 genera
865 3332 884 3376 a
905 3332 963 3375 sna
984 3319 1090 3376 aetate
1112 3311 1145 3374 in
1166 3309 1294 3376 heroica
1314 3319 1462 3394 tempora

372 3417 555 3497 transferre,
577 3419 623 3484 ita
643 3428 679 3484 ut
702 3440 759 3503 pro
781 3419 916 3504 simplici
938 3420 1094 3486 contionis
1117 3418 1330 3504 descriptione
1344 3417 1462 3483 evadat

372 3528 478 3610 imago
499 3525 759 3591 artificiosissime
780 3525 945 3592 elaborata
966 3528 1033 3594 eius
1054 3528 1088 3590 in
1109 3547 1172 3611 qua
1193 3526 1304 3592 civitas
1326 3525 1459 3590 Atheni·

374 3634 496 3698 ensium
517 3641 632 3718 poetae
653 3632 851 3718 temporibus
872 3633 1061 3700 versabatur
1083 3634 1285 3700 condicionis.
1334 3631 1462 3698 Deinde

375 3741 544 3826 Euripides
574 3763 611 3806 eo
642 3741 794 3808 audaciae
825 3741 1029 3826 progreditur
1058 3752 1094 3808 ut
1121 3743 1336 3808 narrationem
1365 3742 1460 3806 inter·
1540 3787 1541 3792 η

373 3858 500 3934 rumpat
520 3849 814 3916 ratiocinationibus
847 3851 1043 3936 interpositis
1073 3849 1187 3936 quibus
1217 3871 1307 3916 suam
1334 3858 1457 3914 senten-

376 3957 454 4020 tiam
475 3958 708 4042 spectatoribus
730 3957 954 4030 commendet;
977 3947 1062 4044 quod
1082 3957 1123 4025 ab
1146 3957 1345 4042 Aeschyleae
1365 3957 1459 4044 ratio-

376 4066 426 4130 nis
458 4085 553 4149 quam
585 4085 682 4152 supra
713 4065 901 4132 adumbravi
932 4075 1048 4130 natura
1079 4065 1181 4132 elucet
1213 4085 1282 4130 esse
1313 4065 1459 4130 alienum.

375 4171 427 4238 Ne
458 4173 588 4240 multa:
632 4173 823 4258 Sophoclem
866 4183 952 4240 certe
983 4173 1126 4238 videmus
1158 4173 1350 4240 sinceritatis
1384 4172 1460 4238 artis

376 4281 519 4364 tragicae
551 4303 675 4366 semper
704 4282 882 4348 studiosum
912 4283 945 4346 in
977 4281 1093 4346 talibus
1123 4281 1218 4348 rebus
1258 4281 1319 4348 sibi
1358 4283 1459 4365 ipsum
