3126 5176
868 468 911 533 42

788 557 984 565 ——

423 668 473 732 Ac
488 668 673 754 Sophocles,
696 678 732 733 ut
753 669 786 732 iu
801 669 982 734 Philocteta
1003 671 1094 734 iuxta
1107 671 1213 754 posuit
1225 669 1432 756 Neoptolemi

340 777 551 842 adulescentis
582 778 800 841 sinceritatem
830 787 861 842 et
893 776 1041 842 callidum
1070 777 1148 842 illud
1180 778 1432 864 insidiosumque

340 883 446 950 Ulixis
478 886 661 968 ingenium,
694 886 740 949 ita
770 885 803 948 in
832 885 872 951 Ο.
896 885 951 969 O,
982 907 1044 971 quo
1074 885 1230 950 efficacius
1258 885 1375 970 Oedipi
1397 898 1431 951 et

339 991 457 1056 Thesei
488 993 639 1078 probitati
674 992 821 1058 Creontis
860 1001 1074 1078 opponeretur
1113 1013 1236 1058 morum
1276 996 1428 1080 pravitas,

339 1100 532 1165 lineamenta
553 1101 709 1185 quaedam
733 1103 800 1167 eius
823 1103 952 1186 ingenio
975 1103 1136 1186 impressit
1165 1124 1185 1165 a
1214 1102 1428 1187 sophistarum

338 1210 534 1294 proprietate
555 1209 752 1294 deprompta.
803 1209 897 1288 Quod
925 1211 1114 1274 inlustratur
1143 1231 1214 1274 cum
1243 1210 1360 1296 Oedipi
1388 1211 1429 1276 dc

340 1315 486 1382 Creontis
507 1339 607 1403 prava
628 1318 809 1402 eloquentia
830 1318 963 1402 iudiciis,
984 1328 1020 1381 ut
1041 1319 1100 1383 761
1122 1339 1169 1404 sq.

487 1411 515 1491 ob
535 1419 648 1491 πάντα
668 1431 803 1511 τολμῶν
823 1415 913 1492 adab
935 1419 1063 1504 παντός
1082 1417 1125 1492 ἂν
1146 1427 1260 1512 φέρων

485 1527 591 1619 λόγου
612 1535 743 1601 δικαίου
763 1527 936 1622 μηχάνημα
957 1537 1122 1615 ποικίλον,

338 1641 399 1706 794
421 1664 467 1726 sq.
490 1635 530 1707 τό
554 1635 615 1708 σόν
636 1642 664 1708 δ’
687 1632 825 1726 όφῑκται
846 1643 933 1729 δεῦρ’
954 1633 1148 1729 ὑπόβλητον
1171 1637 1277 1728 στόμα

484 1744 614 1836 πολλὴν
636 1748 714 1834 ἕχον
734 1745 909 1836 στόμωσιν,

337 1857 398 1923 806
419 1880 467 1944 sq.
489 1852 619 1944 γλώσσῃ
640 1853 679 1925 σύ
702 1853 826 1936 δεινός·
849 1851 953 1944 ἄνδρα
974 1859 1002 1924 d
1025 1847 1133 1924 οὐδέν’
1156 1855 1217 1924 οἶδ’
1239 1853 1305 1944 ἐγώ

486 1967 615 2032 δίκαιον
636 1958 727 2044 ὅστις
748 1965 783 2047 ἐξ
803 1957 952 2044 ἅπαντος
973 1952 1011 2032 εὖ
1032 1967 1128 2051 λέγει,

337 2082 404 2138 tum
426 2075 524 2159 ipsius
548 2075 696 2140 Creontis
719 2076 915 2140 orationibus
939 2097 1021 2162 quae
1051 2085 1120 2140 arte
1150 2077 1289 2162 quadam
1310 2086 1341 2143 et
1363 2075 1425 2140 dis-

336 2183 495 2267 positione
515 2181 675 2247 rhetorica
697 2192 770 2246 sunt
799 2184 1011 2250 elaboratae:
1045 2207 1086 2249 cx
1117 2187 1230 2272 quibus
1256 2187 1426 2270 praecipue

336 2291 498 2355 mentione
530 2290 628 2374 digna
660 2301 708 2356 est
741 2313 823 2378 quae
854 2294 1034 2358 continetur
1067 2317 1097 2358 v.
1129 2295 1190 2360 939
1219 2316 1288 2380 sqq.
1352 2291 1426 2372 Qua

336 2399 443 2463 studet
464 2421 484 2463 a
504 2397 622 2464 Thesei
644 2398 823 2484 opprobriis
853 2422 923 2465 sese
952 2401 1123 2466 defendere
1151 2425 1189 2467 ea
1218 2403 1358 2484 ratione,
1389 2411 1425 2466 ut

334 2508 405 2592 ipsa
427 2508 560 2572 crimina
581 2507 783 2572 callidissime
805 2507 934 2572 eludens
957 2507 1076 2574 furtive
1091 2509 1268 2576 orationem
1283 2509 1323 2574 ad
1339 2507 1424 2574 aliud

334 2614 490 2698 traducat,
512 2615 597 2680 unde
618 2615 679 2680 sibi
701 2617 840 2702 speciem
863 2617 939 2681 iuris
961 2627 1070 2703 speret
1090 2639 1257 2683 evasuram
1268 2617 1308 2702 ²⁶)
1326 2641 1334 2680 ε
1349 2638 1424 2681 nam

335 2745 405 2788 cum
428 2723 570 2788 Theseus
593 2723 621 2788 ei
643 2725 766 2788 crimini
795 2723 918 2790 dederit
948 2724 1033 2810 quod
1063 2725 1207 2810 quamvis
1236 2725 1424 2810 peregrinus

334 2831 454 2916 puellas
476 2853 558 2918 quae
580 2843 688 2896 essent
717 2831 775 2896 sub
797 2833 894 2918 ipsius
916 2833 1017 2898 tutela
1045 2835 1078 2896 vi
1107 2834 1310 2917 abduxisset,
1341 2833 1423 2896 hanc

332 2961 401 3004 rem
427 2961 469 3004 ne
498 2939 596 3004 verbo
626 2939 754 3026 quidem
787 2941 892 3006 Creon
921 2943 1055 3025 tangit:
1092 2943 1188 3007 immo
1219 2964 1293 3006 vero
1324 2941 1424 3008 verba

333 3047 411 3112 facit
434 3045 474 3112 de
496 3046 613 3133 Oedipi
634 3048 805 3133 parricidio
829 3059 860 3114 et
882 3051 1004 3113 incesto
1034 3051 1088 3135 qui
1115 3060 1151 3114 ut
1178 3050 1218 3114 ab
1247 3049 1422 3114 Athenien-

333 3155 419 3220 sibus
453 3157 630 3241 excipiatur
667 3178 862 3242 areopagum
894 3157 1033 3222 confidat
1061 3179 1126 3222 non
1157 3179 1226 3223 esse
1253 3158 1421 3244 permissu-

332 3265 462 3346 rum²⁷).
516 3265 567 3328 Ac
595 3265 734 3329 maxime
764 3275 812 3330 est
841 3263 1016 3330 notandum
1045 3287 1141 3351 quam
1172 3277 1277 3332 astute
1306 3265 1422 3330 Thesei

333 3371 432 3436 verba
453 3373 499 3437 ita
520 3382 653 3437 conetur
672 3395 802 3438 versare
822 3383 858 3438 ut
880 3396 936 3438 suo
953 3373 1118 3438 commodo
1133 3375 1309 3439 inserviant
1325 3398 1332 3438 :
1348 3395 1422 3438 nam

332 3501 404 3542 cum
425 3480 485 3544 917
509 3502 555 3566 sq.
577 3481 721 3545 Theseus
744 3478 859 3546 dixerit

400 3665 434 3735 lu)
455 3669 489 3720 cf.
508 3669 589 3720 schol.
610 3673 658 3722 939
678 3671 732 3739 τήν
750 3669 900 3739 ῥητορείαν
918 3671 1129 3739 παραφήλαξσν,
1148 3669 1175 3726 εἰ
1192 3675 1250 3726 τῶν
1266 3669 1320 3739 μὲν
1337 3689 1421 3739 κατη-

331 3753 515 3824 γορηθέντων
531 3753 617 3811 αὐτοῦ
636 3754 688 3824 οὐχ
707 3751 822 3824 ὃίψεται,
842 3757 930 3812 καινὰ
948 3755 977 3811 δέ
994 3775 1060 3812 τινα
1078 3752 1266 3826 ἐνθυμήματα
1284 3760 1333 3813 καί
1346 3759 1422 3813 πάνυ

331 3838 433 3910 εὔλογα
452 3838 623 3911 ἐξευρίσκων
640 3842 762 3912 ἀντερεῖ.

399 3925 432 3996 ²⁷)
453 3929 535 3980 Cuius
553 3930 646 3982 similis
668 3937 708 3982 est
734 3931 802 3983 ratio
828 3933 949 3998 spinosae
974 3931 1157 3996 illiusquam,
1181 3947 1242 3983 cum
1260 3934 1420 4000 Antigonam

331 4013 466 4065 viventem
479 4031 553 4067 muro
571 4016 673 4067 includi
685 4017 800 4078 iusserit,
819 4018 888 4069 idem
901 4017 999 4084 promit
1011 4019 1190 4070 excusationis
1204 4020 1275 4084 (Ant.
1290 4024 1339 4071 887
1352 4019 1419 4085 sqq.)

579 4101 665 4170 ἄφετε
682 4103 774 4173 μόνην
791 4099 903 4173 ἔρημον,
923 4101 981 4158 εἴτε
999 4109 1055 4175 χρή
1071 4108 1173 4158 θανεῖν

579 4185 630 4242 εί’τ’
649 4185 680 4244 ἐν
698 4191 819 4261 τοιαύτῃ
836 4192 911 4258 ζῶσα
929 4190 1079 4258 τυμβεύειν
1097 4187 1196 4262 στέγῃ·

580 4272 663 4343 ἡμεῖς
680 4277 735 4345 γὰρ
752 4273 835 4346 ἁγνοί
852 4275 937 4332 τούπί
956 4278 1040 4346 τήνδε
1057 4277 1110 4346 τήν
1126 4277 1230 4347 κόρην·

578 4363 728 4429 μετοικίας
745 4365 768 4420 δ’
787 4356 838 4418 οὖν
855 4368 904 4431 τῆς
922 4361 982 4418 ἄνω
999 4363 1175 4432 στερήσεται.
1203 4411 1208 4418 .
