<?xml version="1.0" encoding="UTF-8"?>
<!DOCTYPE html PUBLIC "-//W3C//DTD XHTML 1.0 Transitional//EN"
    "http://www.w3.org/TR/xhtml1/DTD/xhtml1-transitional.dtd">
<html xmlns="http://www.w3.org/1999/xhtml" xml:lang="en" lang="en">
 <head>
  <title>
</title>
<meta http-equiv="Content-Type" content="text/html;charset=utf-8" />
  <meta name='ocr-system' content='tesseract 3.04.00' />
  <meta name='ocr-capabilities' content='ocr_page ocr_carea ocr_par ocr_line ocrx_word'/>
</head>
<body>
  <div class='ocr_page' id='page_1' title='image "./sophoclesquemad00beckgoog_0046.png"; bbox 0 0 3126 5176; ppageno 0'>
   <div class='ocr_carea' id='block_1_1' title="bbox 647 425 689 490">
    <p class='ocr_par' dir='ltr' id='par_1_1' title="bbox 647 425 689 490">
     <span class='ocr_line' id='line_1_1' title="bbox 647 425 689 490; baseline 0.024 -1"><span class='ocrx_word' id='word_1_1' title='bbox 647 425 689 490; x_wconf 86' lang='lat'><strong>39</strong></span> 
     </span>
    </p>
   </div>
   <div class='ocr_carea' id='block_1_2' title="bbox 120 629 1215 1901">
    <p class='ocr_par' dir='ltr' id='par_1_2' title="bbox 120 629 1215 1901">
     <span class='ocr_line' id='line_1_2' title="bbox 123 629 1215 716; baseline 0.002 -23"><span class='ocrx_word' id='word_1_2' title='bbox 123 630 359 714; x_wconf 77' lang='lat' dir='ltr'><strong>spectatoribus</strong></span> <span class='ocrx_word' id='word_1_3' title='bbox 381 629 543 715; x_wconf 86' lang='lat' dir='ltr'><strong>probetur,</strong></span> <span class='ocrx_word' id='word_1_4' title='bbox 565 652 688 694; x_wconf 89' lang='lat' dir='ltr'><strong>summo</strong></span> <span class='ocrx_word' id='word_1_5' title='bbox 710 631 823 714; x_wconf 84' lang='lat' dir='ltr'><strong>vigore</strong></span> <span class='ocrx_word' id='word_1_6' title='bbox 843 631 968 716; x_wconf 75' lang='lat' dir='ltr'><strong>poetico</strong></span> <span class='ocrx_word' id='word_1_7' title='bbox 991 641 1104 696; x_wconf 86' lang='lat' dir='ltr'><strong>ornata</strong></span> <span class='ocrx_word' id='word_1_8' title='bbox 1117 652 1215 716; x_wconf 87' lang='lat' dir='ltr'><strong>quan·</strong></span> 
     </span>
     <span class='ocr_line' id='line_1_3' title="bbox 123 737 1215 823; baseline 0.004 -22"><span class='ocrx_word' id='word_1_9' title='bbox 123 747 194 801; x_wconf 90' lang='lat' dir='ltr'><strong>tum</strong></span> <span class='ocrx_word' id='word_1_10' title='bbox 216 737 396 822; x_wconf 80' lang='lat' dir='ltr'><strong>discrepent</strong></span> <span class='ocrx_word' id='word_1_11' title='bbox 423 738 465 802; x_wconf 92' lang='lat' dir='ltr'><strong>ab</strong></span> <span class='ocrx_word' id='word_1_12' title='bbox 492 737 673 823; x_wconf 82' lang='lat' dir='ltr'><strong>Euripideis</strong></span> <span class='ocrx_word' id='word_1_13' title='bbox 707 739 768 802; x_wconf 87' lang='lat' dir='ltr'><strong>illis</strong></span> <span class='ocrx_word' id='word_1_14' title='bbox 798 737 1095 803; x_wconf 78' lang='lat' dir='ltr'><strong>ratiocinationibus</strong></span> <span class='ocrx_word' id='word_1_15' title='bbox 1122 761 1215 805; x_wconf 91' lang='lat' dir='ltr'><strong>nemo</strong></span> 
     </span>
     <span class='ocr_line' id='line_1_4' title="bbox 122 844 307 910; baseline -0.005 -1"><span class='ocrx_word' id='word_1_16' title='bbox 122 869 190 910; x_wconf 90' lang='lat' dir='ltr'><strong>non</strong></span> <span class='ocrx_word' id='word_1_17' title='bbox 211 844 307 909; x_wconf 89' lang='lat' dir='ltr'><strong>videt.</strong></span> 
     </span>
     <span class='ocr_line' id='line_1_5' title="bbox 207 953 1071 1039; baseline -0.001 -22"><span class='ocrx_word' id='word_1_18' title='bbox 207 953 298 1033; x_wconf 81' lang='lat' dir='ltr'><strong>Quae</strong></span> <span class='ocrx_word' id='word_1_19' title='bbox 320 954 347 1016; x_wconf 88' lang='lat' dir='ltr'><strong>si</strong></span> <span class='ocrx_word' id='word_1_20' title='bbox 368 963 455 1017; x_wconf 89' lang='lat' dir='ltr'><strong>recte</strong></span> <span class='ocrx_word' id='word_1_21' title='bbox 476 953 646 1038; x_wconf 83' lang='lat' dir='ltr'><strong>disputavi,</strong></span> <span class='ocrx_word' id='word_1_22' title='bbox 668 962 796 1038; x_wconf 89' lang='lat' dir='ltr'><strong>praeter</strong></span> <span class='ocrx_word' id='word_1_23' title='bbox 820 954 897 1017; x_wconf 87' lang='lat' dir='ltr'><strong>Aut.</strong></span> <span class='ocrx_word' id='word_1_24' title='bbox 922 953 1004 1018; x_wconf 84' lang='lat'>1113</span> <span class='ocrx_word' id='word_1_25' title='bbox 1024 976 1071 1039; x_wconf 87' lang='lat' dir='ltr'><strong>sq.</strong></span> 
     </span>
     <span class='ocr_line' id='line_1_6' title="bbox 275 1054 1036 1147; baseline 0.003 -21"><span class='ocrx_word' id='word_1_26' title='bbox 275 1061 406 1127; x_wconf 80' lang='grc' dir='ltr'><strong><em>δέδοικα</em></strong></span> <span class='ocrx_word' id='word_1_27' title='bbox 427 1055 490 1147; x_wconf 82' lang='grc' dir='ltr'><strong>γὰρ</strong></span> <span class='ocrx_word' id='word_1_28' title='bbox 509 1055 554 1147; x_wconf 82' lang='grc' dir='ltr'><strong>μὴ</strong></span> <span class='ocrx_word' id='word_1_29' title='bbox 574 1055 654 1138; x_wconf 79' lang='grc' dir='ltr'><strong><em>τοὺς</em></strong></span> <span class='ocrx_word' id='word_1_30' title='bbox 674 1065 892 1137; x_wconf 73' lang='grc' dir='ltr'><strong><em>καθεστῶτας</em></strong></span> <span class='ocrx_word' id='word_1_31' title='bbox 913 1054 1036 1146; x_wconf 86' lang='grc' dir='ltr'><strong><em>νόμους</em></strong></span> 
     </span>
     <span class='ocr_line' id='line_1_7' title="bbox 273 1155 941 1254; baseline 0 -21"><span class='ocrx_word' id='word_1_32' title='bbox 273 1159 409 1254; x_wconf 80' lang='grc' dir='ltr'><strong><em>ἄριστον</em></strong></span> <span class='ocrx_word' id='word_1_33' title='bbox 429 1155 449 1252; x_wconf 74' lang='grc' dir='ltr'><strong><em>ᾖ</em></strong></span> <span class='ocrx_word' id='word_1_34' title='bbox 472 1163 624 1254; x_wconf 77' lang='grc' dir='ltr'><em>σῴζοντα</em></span> <span class='ocrx_word' id='word_1_35' title='bbox 645 1162 707 1234; x_wconf 85' lang='grc' dir='ltr'><strong>τὸν</strong></span> <span class='ocrx_word' id='word_1_36' title='bbox 727 1171 803 1248; x_wconf 80' lang='grc' dir='ltr'><strong><em>βίον</em></strong></span> <span class='ocrx_word' id='word_1_37' title='bbox 824 1173 941 1248; x_wconf 79' lang='grc' dir='ltr'><strong><em>τελεῖν,</em></strong></span> 
     </span>
     <span class='ocr_line' id='line_1_8' title="bbox 120 1277 1212 1363; baseline 0.004 -23"><span class='ocrx_word' id='word_1_38' title='bbox 120 1299 207 1362; x_wconf 86' lang='lat' dir='ltr'><strong>quae</strong></span> <span class='ocrx_word' id='word_1_39' title='bbox 230 1277 371 1342; x_wconf 79' lang='lat' dir='ltr'><strong>sirrsdem</strong></span> <span class='ocrx_word' id='word_1_40' title='bbox 393 1277 540 1343; x_wconf 80' lang='lat' dir='ltr'><strong>Creontis</strong></span> <span class='ocrx_word' id='word_1_41' title='bbox 569 1288 644 1341; x_wconf 88' lang='lat' dir='ltr'><strong>sunt</strong></span> <span class='ocrx_word' id='word_1_42' title='bbox 673 1279 788 1360; x_wconf 87' lang='lat' dir='ltr'><strong>verbs,</strong></span> <span class='ocrx_word' id='word_1_43' title='bbox 819 1300 860 1342; x_wconf 94' lang='lat' dir='ltr'><strong>ne</strong></span> <span class='ocrx_word' id='word_1_44' title='bbox 880 1277 912 1342; x_wconf 90' lang='lat' dir='ltr'><strong>hi</strong></span> <span class='ocrx_word' id='word_1_45' title='bbox 935 1277 1063 1363; x_wconf 88' lang='lat' dir='ltr'><strong>quidem</strong></span> <span class='ocrx_word' id='word_1_46' title='bbox 1084 1281 1146 1344; x_wconf 91' lang='lat' dir='ltr'><strong>loci</strong></span> <span class='ocrx_word' id='word_1_47' title='bbox 1166 1281 1212 1344; x_wconf 91' lang='lat' dir='ltr'><strong>in-</strong></span> 
     </span>
     <span class='ocr_line' id='line_1_9' title="bbox 120 1385 1004 1472; baseline 0 -22"><span class='ocrx_word' id='word_1_48' title='bbox 120 1387 206 1450; x_wconf 88' lang='lat' dir='ltr'><strong>iuria</strong></span> <span class='ocrx_word' id='word_1_49' title='bbox 227 1386 287 1450; x_wconf 93' lang='lat' dir='ltr'><strong>hoc</strong></span> <span class='ocrx_word' id='word_1_50' title='bbox 308 1386 377 1450; x_wconf 91' lang='lat' dir='ltr'><strong>loco</strong></span> <span class='ocrx_word' id='word_1_51' title='bbox 402 1385 549 1451; x_wconf 89' lang='lat' dir='ltr'><strong>videntur</strong></span> <span class='ocrx_word' id='word_1_52' title='bbox 569 1387 739 1450; x_wconf 88' lang='lat' dir='ltr'><strong>memorari</strong></span> <span class='ocrx_word' id='word_1_53' title='bbox 760 1385 810 1450; x_wconf 83' lang='lat' dir='ltr'><strong>El.</strong></span> <span class='ocrx_word' id='word_1_54' title='bbox 836 1385 914 1450; x_wconf 84' lang='grc'>1505</span> <span class='ocrx_word' id='word_1_55' title='bbox 935 1407 1004 1472; x_wconf 88' lang='lat' dir='ltr'><strong>sqq.</strong></span> 
     </span>
     <span class='ocr_line' id='line_1_10' title="bbox 270 1483 1090 1579; baseline 0.001 -22"><span class='ocrx_word' id='word_1_56' title='bbox 270 1497 353 1578; x_wconf 80' lang='grc' dir='ltr'><strong><em>χρῆν</em></strong></span> <span class='ocrx_word' id='word_1_57' title='bbox 374 1493 402 1558; x_wconf 85' lang='lat' dir='ltr'><strong>d&#39;</strong></span> <span class='ocrx_word' id='word_1_58' title='bbox 424 1483 527 1570; x_wconf 69' lang='grc' dir='ltr'><strong><em>εὐθὺς</em></strong></span> <span class='ocrx_word' id='word_1_59' title='bbox 549 1489 633 1559; x_wconf 82' lang='grc' dir='ltr'><strong><em>εἶναι</em></strong></span> <span class='ocrx_word' id='word_1_60' title='bbox 654 1486 752 1579; x_wconf 80' lang='grc' dir='ltr'><strong><em>τήνδε</em></strong></span> <span class='ocrx_word' id='word_1_61' title='bbox 773 1506 844 1570; x_wconf 85' lang='grc' dir='ltr'><strong><em>τοῖς</em></strong></span> <span class='ocrx_word' id='word_1_62' title='bbox 864 1497 967 1559; x_wconf 83' lang='grc' dir='ltr'><strong><em>πᾶσιν</em></strong></span> <span class='ocrx_word' id='word_1_63' title='bbox 988 1495 1090 1579; x_wconf 83' lang='grc' dir='ltr'><strong><em>δίκην,</em></strong></span> 
     </span>
     <span class='ocr_line' id='line_1_11' title="bbox 273 1592 1064 1687; baseline 0 -21"><span class='ocrx_word' id='word_1_64' title='bbox 273 1592 363 1678; x_wconf 83' lang='grc' dir='ltr'><strong><em>ὅστις</em></strong></span> <span class='ocrx_word' id='word_1_65' title='bbox 384 1601 469 1686; x_wconf 76' lang='grc' dir='ltr'><strong><em>πέρα</em></strong></span> <span class='ocrx_word' id='word_1_66' title='bbox 490 1595 651 1687; x_wconf 80' lang='grc' dir='ltr'><strong><em>πράσσειν</em></strong></span> <span class='ocrx_word' id='word_1_67' title='bbox 672 1626 708 1686; x_wconf 83' lang='grc' dir='ltr'><strong><em>γε</em></strong></span> <span class='ocrx_word' id='word_1_68' title='bbox 730 1605 799 1666; x_wconf 80' lang='grc' dir='ltr'><strong>τῶν</strong></span> <span class='ocrx_word' id='word_1_69' title='bbox 821 1595 935 1686; x_wconf 85' lang='grc' dir='ltr'><strong><em>νόμιον</em></strong></span> <span class='ocrx_word' id='word_1_70' title='bbox 955 1601 1064 1681; x_wconf 76' lang='grc' dir='ltr'><strong><em>θέλοι,</em></strong></span> 
     </span>
     <span class='ocr_line' id='line_1_12' title="bbox 249 1710 432 1774; baseline 0 0"><span class='ocrx_word' id='word_1_71' title='bbox 249 1710 432 1774; x_wconf 68' lang='grc' dir='ltr'><strong><em>’κτείνειν</em></strong></span> 
     </span>
     <span class='ocr_line' id='line_1_13' title="bbox 120 1815 1212 1901; baseline 0.003 -22"><span class='ocrx_word' id='word_1_72' title='bbox 120 1819 220 1901; x_wconf 84' lang='lat' dir='ltr'><strong>(quae</strong></span> <span class='ocrx_word' id='word_1_73' title='bbox 241 1827 348 1881; x_wconf 88' lang='lat' dir='ltr'><strong>tamen</strong></span> <span class='ocrx_word' id='word_1_74' title='bbox 370 1817 481 1882; x_wconf 85' lang='lat' dir='ltr'><strong>dubito</strong></span> <span class='ocrx_word' id='word_1_75' title='bbox 503 1840 544 1882; x_wconf 89' lang='lat' dir='ltr'><strong>an</strong></span> <span class='ocrx_word' id='word_1_76' title='bbox 567 1839 639 1882; x_wconf 90' lang='lat' dir='ltr'><strong>cum</strong></span> <span class='ocrx_word' id='word_1_77' title='bbox 653 1817 822 1882; x_wconf 89' lang='lat' dir='ltr'><strong>Dindorfio</strong></span> <span class='ocrx_word' id='word_1_78' title='bbox 837 1815 989 1901; x_wconf 82' lang='lat' dir='ltr'><strong>Sophocli</strong></span> <span class='ocrx_word' id='word_1_79' title='bbox 1010 1818 1075 1882; x_wconf 88' lang='lat' dir='ltr'><strong>siut</strong></span> <span class='ocrx_word' id='word_1_80' title='bbox 1089 1817 1212 1882; x_wconf 85' lang='lat' dir='ltr'><strong>abiudi-</strong></span> 
     </span>
    </p>
   </div>
   <div class='ocr_carea' id='block_1_3' title="bbox 122 1919 1318 2010">
    <p class='ocr_par' dir='ltr' id='par_1_3' title="bbox 122 1919 1318 2010">
     <span class='ocr_line' id='line_1_14' title="bbox 122 1919 1318 2010; baseline 0.004 -20"><span class='ocrx_word' id='word_1_81' title='bbox 122 1927 239 2008; x_wconf 81' lang='lat' dir='ltr'><strong>oanda)</strong></span> <span class='ocrx_word' id='word_1_82' title='bbox 264 1935 296 1991; x_wconf 90' lang='lat' dir='ltr'><strong>et</strong></span> <span class='ocrx_word' id='word_1_83' title='bbox 317 1925 356 1990; x_wconf 88' lang='lat' dir='ltr'><strong>fr.</strong></span> <span class='ocrx_word' id='word_1_84' title='bbox 379 1926 462 1990; x_wconf 70' lang='lat'><strong>674¹&gt;</strong></span> <span class='ocrx_word' id='word_1_85' title='bbox 484 1919 601 2010; x_wconf 82' lang='grc' dir='ltr'><strong><em>νόμοις</em></strong></span> <span class='ocrx_word' id='word_1_86' title='bbox 623 1922 765 1992; x_wconf 70' lang='grc' dir='ltr'><strong><em>ἕπεσθαι</em></strong></span> <span class='ocrx_word' id='word_1_87' title='bbox 785 1939 893 1991; x_wconf 89' lang='grc' dir='ltr'><strong><em>τοῖσιν</em></strong></span> <span class='ocrx_word' id='word_1_88' title='bbox 919 1919 1077 2010; x_wconf 77' lang='grc' dir='ltr'><strong><em>ἐγχώρσις</em></strong></span> <span class='ocrx_word' id='word_1_89' title='bbox 1097 1919 1210 1991; x_wconf 80' lang='grc' dir='ltr'><strong><em>καλόν.</em></strong></span> <span class='ocrx_word' id='word_1_90' title='bbox 1313 1983 1318 1995; x_wconf 93' lang='grc'>,</span> 
     </span>
    </p>
   </div>
   <div class='ocr_carea' id='block_1_4' title="bbox 116 2033 1214 4394">
    <p class='ocr_par' dir='ltr' id='par_1_4' title="bbox 116 2033 1214 2964">
     <span class='ocr_line' id='line_1_15' title="bbox 121 2033 1212 2120; baseline -0.001 -21"><span class='ocrx_word' id='word_1_91' title='bbox 121 2034 236 2120; x_wconf 89' lang='lat' dir='ltr'><strong>Neque</strong></span> <span class='ocrx_word' id='word_1_92' title='bbox 268 2034 357 2098; x_wconf 84' lang='lat' dir='ltr'><strong>deest</strong></span> <span class='ocrx_word' id='word_1_93' title='bbox 390 2035 499 2098; x_wconf 89' lang='lat' dir='ltr'><strong>similis</strong></span> <span class='ocrx_word' id='word_1_94' title='bbox 535 2035 588 2120; x_wconf 93' lang='lat' dir='ltr'><strong>qui</strong></span> <span class='ocrx_word' id='word_1_95' title='bbox 618 2035 657 2098; x_wconf 87' lang='lat' dir='ltr'><strong>ad</strong></span> <span class='ocrx_word' id='word_1_96' title='bbox 691 2035 832 2119; x_wconf 86' lang='lat' dir='ltr'><strong>ipsorum</strong></span> <span class='ocrx_word' id='word_1_97' title='bbox 864 2033 1109 2098; x_wconf 85' lang='lat' dir='ltr'><strong>Atheniensium</strong></span> <span class='ocrx_word' id='word_1_98' title='bbox 1145 2055 1212 2098; x_wconf 92' lang='lat' dir='ltr'><strong>rem</strong></span> 
     </span>
     <span class='ocr_line' id='line_1_16' title="bbox 119 2141 1214 2227; baseline 0 -21"><span class='ocrx_word' id='word_1_99' title='bbox 119 2143 282 2227; x_wconf 88' lang='lat' dir='ltr'><strong>publicam</strong></span> <span class='ocrx_word' id='word_1_100' title='bbox 304 2141 409 2206; x_wconf 86' lang='lat' dir='ltr'><strong>tendit</strong></span> <span class='ocrx_word' id='word_1_101' title='bbox 429 2143 518 2206; x_wconf 90' lang='lat' dir='ltr'><strong>locus</strong></span> <span class='ocrx_word' id='word_1_102' title='bbox 535 2167 541 2206; x_wconf 94' lang='lat'><strong>:</strong></span> <span class='ocrx_word' id='word_1_103' title='bbox 565 2141 625 2208; x_wconf 80' lang='lat'><strong>00</strong></span> <span class='ocrx_word' id='word_1_104' title='bbox 647 2142 709 2206; x_wconf 86' lang='lat'><strong>913</strong></span> <span class='ocrx_word' id='word_1_105' title='bbox 723 2143 807 2206; x_wconf 91' lang='lat' dir='ltr'><strong>enim</strong></span> <span class='ocrx_word' id='word_1_106' title='bbox 823 2163 893 2205; x_wconf 89' lang='lat' dir='ltr'><strong>oum</strong></span> <span class='ocrx_word' id='word_1_107' title='bbox 908 2141 1068 2207; x_wconf 85' lang='lat' dir='ltr'><strong>Theseum</strong></span> <span class='ocrx_word' id='word_1_108' title='bbox 1083 2141 1214 2206; x_wconf 87' lang='lat' dir='ltr'><strong>inducat</strong></span> 
     </span>
     <span class='ocr_line' id='line_1_17' title="bbox 120 2239 1211 2335; baseline 0.005 -20"><span class='ocrx_word' id='word_1_109' title='bbox 120 2273 195 2315; x_wconf 90' lang='lat' dir='ltr'><strong>cum</strong></span> <span class='ocrx_word' id='word_1_110' title='bbox 217 2249 366 2334; x_wconf 90' lang='lat' dir='ltr'><strong>superbia</strong></span> <span class='ocrx_word' id='word_1_111' title='bbox 389 2250 526 2335; x_wconf 84' lang='lat' dir='ltr'><strong>quadam</strong></span> <span class='ocrx_word' id='word_1_112' title='bbox 550 2251 708 2315; x_wconf 90' lang='lat' dir='ltr'><strong>dicentem</strong></span> <span class='ocrx_word' id='word_1_113' title='bbox 724 2249 869 2315; x_wconf 85' lang='lat' dir='ltr'><strong>Athenas</strong></span> <span class='ocrx_word' id='word_1_114' title='bbox 893 2271 961 2314; x_wconf 86' lang='lat' dir='ltr'><strong>esse</strong></span> <span class='ocrx_word' id='word_1_115' title='bbox 983 2250 1080 2315; x_wconf 84' lang='grc' dir='ltr'><strong><em>δίκαι’</em></strong></span> <span class='ocrx_word' id='word_1_116' title='bbox 1095 2239 1211 2320; x_wconf 72' lang='lat' dir='ltr'><strong>deuoti.-</strong></span> 
     </span>
     <span class='ocr_line' id='line_1_18' title="bbox 119 2347 1213 2445; baseline -0.003 -20"><span class='ocrx_word' id='word_1_117' title='bbox 119 2378 212 2426; x_wconf 88' lang='grc' dir='ltr'><strong><em>σαν.</em></strong></span> <span class='ocrx_word' id='word_1_118' title='bbox 239 2411 245 2424; x_wconf 94' lang='grc'><strong><em>.</em></strong></span> <span class='ocrx_word' id='word_1_119' title='bbox 267 2352 369 2424; x_wconf 78' lang='grc' dir='ltr'><strong><em>πόλιν</em></strong></span> <span class='ocrx_word' id='word_1_120' title='bbox 390 2349 494 2423; x_wconf 73' lang='grc' dir='ltr'><strong><em>κᾶνευ</em></strong></span> <span class='ocrx_word' id='word_1_121' title='bbox 514 2352 622 2444; x_wconf 79' lang='grc' dir='ltr'><strong><em>νόμου</em></strong></span> <span class='ocrx_word' id='word_1_122' title='bbox 643 2360 844 2445; x_wconf 88' lang='grc' dir='ltr'><strong><em>κραίνουσαν</em></strong></span> <span class='ocrx_word' id='word_1_123' title='bbox 866 2347 974 2439; x_wconf 71' lang='grc' dir='ltr'><strong><em>οὐδὲν,</em></strong></span> <span class='ocrx_word' id='word_1_124' title='bbox 1003 2359 1134 2442; x_wconf 84' lang='lat' dir='ltr'><strong>ipsoex</strong></span> <span class='ocrx_word' id='word_1_125' title='bbox 1156 2380 1213 2422; x_wconf 90' lang='lat' dir='ltr'><strong>suo</strong></span> 
     </span>
     <span class='ocr_line' id='line_1_19' title="bbox 118 2465 1212 2551; baseline -0.001 -20"><span class='ocrx_word' id='word_1_126' title='bbox 118 2467 215 2531; x_wconf 88' lang='lat' dir='ltr'><strong>simul</strong></span> <span class='ocrx_word' id='word_1_127' title='bbox 237 2468 350 2544; x_wconf 82' lang='lat' dir='ltr'><strong>animo</strong></span> <span class='ocrx_word' id='word_1_128' title='bbox 364 2487 520 2531; x_wconf 86' lang='lat' dir='ltr'><strong>summam</strong></span> <span class='ocrx_word' id='word_1_129' title='bbox 542 2467 667 2530; x_wconf 88' lang='lat' dir='ltr'><strong>laudem</strong></span> <span class='ocrx_word' id='word_1_130' title='bbox 682 2467 806 2551; x_wconf 85' lang='lat' dir='ltr'><strong>patriae</strong></span> <span class='ocrx_word' id='word_1_131' title='bbox 821 2466 941 2530; x_wconf 89' lang='lat' dir='ltr'><strong>tribuit.</strong></span> <span class='ocrx_word' id='word_1_132' title='bbox 984 2465 1091 2551; x_wconf 86' lang='lat' dir='ltr'><strong>Ipsius</strong></span> <span class='ocrx_word' id='word_1_133' title='bbox 1105 2475 1212 2531; x_wconf 86' lang='lat' dir='ltr'><strong>autem</strong></span> 
     </span>
     <span class='ocr_line' id='line_1_20' title="bbox 117 2572 1211 2659; baseline -0.003 -18"><span class='ocrx_word' id='word_1_134' title='bbox 117 2575 316 2658; x_wconf 81' lang='grc' dir='ltr'><strong><em>ἰσονομίας</em></strong></span> <span class='ocrx_word' id='word_1_135' title='bbox 338 2595 521 2659; x_wconf 87' lang='lat' dir='ltr'><strong>expressam</strong></span> <span class='ocrx_word' id='word_1_136' title='bbox 544 2572 687 2655; x_wconf 86' lang='lat' dir='ltr'><strong>laudem,</strong></span> <span class='ocrx_word' id='word_1_137' title='bbox 719 2573 828 2657; x_wconf 88' lang='lat' dir='ltr'><strong>quales</strong></span> <span class='ocrx_word' id='word_1_138' title='bbox 850 2573 935 2658; x_wconf 91' lang='lat' dir='ltr'><strong>apud</strong></span> <span class='ocrx_word' id='word_1_139' title='bbox 957 2573 1144 2657; x_wconf 81' lang='lat' dir='ltr'><strong>Euripidem</strong></span> <span class='ocrx_word' id='word_1_140' title='bbox 1165 2575 1211 2638; x_wconf 89' lang='lat' dir='ltr'><strong>iu·</strong></span> 
     </span>
     <span class='ocr_line' id='line_1_21' title="bbox 117 2679 1210 2766; baseline 0.001 -22"><span class='ocrx_word' id='word_1_141' title='bbox 117 2683 295 2746; x_wconf 89' lang='lat' dir='ltr'><strong>veniuntur</strong></span> <span class='ocrx_word' id='word_1_142' title='bbox 315 2681 427 2766; x_wconf 86' lang='lat' dir='ltr'><strong>Suppl.</strong></span> <span class='ocrx_word' id='word_1_143' title='bbox 449 2681 511 2745; x_wconf 87' lang='lat'><strong>430</strong></span> <span class='ocrx_word' id='word_1_144' title='bbox 533 2701 601 2764; x_wconf 92' lang='lat' dir='ltr'><strong>sqq.</strong></span> <span class='ocrx_word' id='word_1_145' title='bbox 626 2679 830 2764; x_wconf 87' lang='lat' dir='ltr'><strong>(quibuscum</strong></span> <span class='ocrx_word' id='word_1_146' title='bbox 853 2681 892 2744; x_wconf 87' lang='lat' dir='ltr'><strong>cf.</strong></span> <span class='ocrx_word' id='word_1_147' title='bbox 915 2680 1036 2746; x_wconf 90' lang='lat' dir='ltr'><strong>Phoen.</strong></span> <span class='ocrx_word' id='word_1_148' title='bbox 1058 2681 1121 2746; x_wconf 89' lang='grc'><strong>535</strong></span> <span class='ocrx_word' id='word_1_149' title='bbox 1141 2703 1210 2766; x_wconf 88' lang='lat' dir='ltr'><strong>sqq.</strong></span> 
     </span>
     <span class='ocr_line' id='line_1_22' title="bbox 117 2789 1212 2876; baseline -0.004 -20"><span class='ocrx_word' id='word_1_150' title='bbox 117 2791 265 2875; x_wconf 86' lang='lat' dir='ltr'><strong>aliosque</strong></span> <span class='ocrx_word' id='word_1_151' title='bbox 287 2812 366 2876; x_wconf 88' lang='lat' dir='ltr'><strong>quos</strong></span> <span class='ocrx_word' id='word_1_152' title='bbox 382 2789 522 2856; x_wconf 80' lang='lat' dir='ltr'><strong>Schenkl</strong></span> <span class='ocrx_word' id='word_1_153' title='bbox 532 2790 552 2854; x_wconf 93' lang='lat' dir='ltr'><strong>l.</strong></span> <span class='ocrx_word' id='word_1_154' title='bbox 566 2811 591 2854; x_wconf 89' lang='lat' dir='ltr'><strong>c.</strong></span> <span class='ocrx_word' id='word_1_155' title='bbox 604 2811 633 2874; x_wconf 93' lang='lat' dir='ltr'><strong>p.</strong></span> <span class='ocrx_word' id='word_1_156' title='bbox 645 2789 707 2854; x_wconf 83' lang='lat'><strong>489</strong></span> <span class='ocrx_word' id='word_1_157' title='bbox 728 2789 835 2854; x_wconf 86' lang='lat' dir='ltr'><strong>attulit</strong></span> <span class='ocrx_word' id='word_1_158' title='bbox 848 2789 949 2874; x_wconf 85' lang='lat' dir='ltr'><strong>locos)</strong></span> <span class='ocrx_word' id='word_1_159' title='bbox 971 2790 1004 2854; x_wconf 91' lang='lat' dir='ltr'><strong>in</strong></span> <span class='ocrx_word' id='word_1_160' title='bbox 1025 2789 1212 2874; x_wconf 84' lang='lat' dir='ltr'><strong>Sophocleis</strong></span> 
     </span>
     <span class='ocr_line' id='line_1_23' title="bbox 116 2898 515 2964; baseline -0.01 0"><span class='ocrx_word' id='word_1_161' title='bbox 116 2898 239 2964; x_wconf 84' lang='lat' dir='ltr'><strong>fabulis</strong></span> <span class='ocrx_word' id='word_1_162' title='bbox 260 2899 379 2962; x_wconf 87' lang='lat' dir='ltr'><strong>nullam</strong></span> <span class='ocrx_word' id='word_1_163' title='bbox 398 2899 515 2963; x_wconf 88' lang='lat' dir='ltr'><strong>inveni.</strong></span> 
     </span>
    </p>

    <p class='ocr_par' dir='ltr' id='par_1_5' title="bbox 116 3005 1214 3308">
     <span class='ocr_line' id='line_1_24' title="bbox 205 3005 1213 3091; baseline 0 -21"><span class='ocrx_word' id='word_1_164' title='bbox 205 3006 332 3070; x_wconf 88' lang='lat' dir='ltr'><strong>Deinde</strong></span> <span class='ocrx_word' id='word_1_165' title='bbox 353 3006 394 3070; x_wconf 93' lang='lat' dir='ltr'><strong>ad</strong></span> <span class='ocrx_word' id='word_1_166' title='bbox 416 3008 465 3070; x_wconf 91' lang='lat' dir='ltr'><strong>ius</strong></span> <span class='ocrx_word' id='word_1_167' title='bbox 487 3005 586 3072; x_wconf 85' lang='lat' dir='ltr'><strong>libere</strong></span> <span class='ocrx_word' id='word_1_168' title='bbox 607 3005 758 3091; x_wconf 89' lang='lat' dir='ltr'><strong>loquendi</strong></span> <span class='ocrx_word' id='word_1_169' title='bbox 780 3005 866 3090; x_wconf 91' lang='lat' dir='ltr'><strong>quod</strong></span> <span class='ocrx_word' id='word_1_170' title='bbox 888 3007 1014 3089; x_wconf 82' lang='lat' dir='ltr'><strong>attinet,</strong></span> <span class='ocrx_word' id='word_1_171' title='bbox 1036 3005 1096 3070; x_wconf 92' lang='lat' dir='ltr'><strong>hcc</strong></span> <span class='ocrx_word' id='word_1_172' title='bbox 1119 3005 1213 3070; x_wconf 86' lang='lat' dir='ltr'><strong>docu-</strong></span> 
     </span>
     <span class='ocr_line' id='line_1_25' title="bbox 116 3114 1214 3200; baseline 0.003 -22"><span class='ocrx_word' id='word_1_173' title='bbox 116 3125 265 3179; x_wconf 89' lang='lat' dir='ltr'><strong>mentum</strong></span> <span class='ocrx_word' id='word_1_174' title='bbox 294 3114 451 3179; x_wconf 88' lang='lat' dir='ltr'><strong>libertatis</strong></span> <span class='ocrx_word' id='word_1_175' title='bbox 483 3125 515 3179; x_wconf 88' lang='lat' dir='ltr'><strong>et</strong></span> <span class='ocrx_word' id='word_1_176' title='bbox 542 3115 751 3198; x_wconf 84' lang='lat' dir='ltr'><strong>ingenuitatis</strong></span> <span class='ocrx_word' id='word_1_177' title='bbox 781 3115 835 3195; x_wconf 88' lang='lat' dir='ltr'><strong>(of.</strong></span> <span class='ocrx_word' id='word_1_178' title='bbox 865 3115 941 3178; x_wconf 84' lang='lat' dir='ltr'><strong>Eur.</strong></span> <span class='ocrx_word' id='word_1_179' title='bbox 964 3115 1033 3178; x_wconf 90' lang='lat' dir='ltr'><strong>Ion.</strong></span> <span class='ocrx_word' id='word_1_180' title='bbox 1062 3115 1124 3180; x_wconf 75' lang='lat'><strong>670</strong></span> <span class='ocrx_word' id='word_1_181' title='bbox 1145 3135 1214 3200; x_wconf 85' lang='lat' dir='ltr'><strong>sqq.</strong></span> 
     </span>
     <span class='ocr_line' id='line_1_26' title="bbox 119 3223 1095 3308; baseline 0.002 -22"><span class='ocrx_word' id='word_1_182' title='bbox 119 3245 202 3308; x_wconf 89' lang='lat' dir='ltr'><strong>quos</strong></span> <span class='ocrx_word' id='word_1_183' title='bbox 225 3244 321 3307; x_wconf 84' lang='lat' dir='ltr'><strong>supra</strong></span> <span class='ocrx_word' id='word_1_184' title='bbox 342 3245 373 3308; x_wconf 92' lang='lat' dir='ltr'><strong>p.</strong></span> <span class='ocrx_word' id='word_1_185' title='bbox 399 3223 437 3288; x_wconf 88' lang='lat'><strong>19</strong></span> <span class='ocrx_word' id='word_1_186' title='bbox 458 3223 601 3306; x_wconf 87' lang='lat' dir='ltr'><strong>laudavi)</strong></span> <span class='ocrx_word' id='word_1_187' title='bbox 625 3224 790 3288; x_wconf 87' lang='lat' dir='ltr'><strong>extollitur</strong></span> <span class='ocrx_word' id='word_1_188' title='bbox 810 3223 949 3308; x_wconf 81' lang='lat' dir='ltr'><strong>Epigon.</strong></span> <span class='ocrx_word' id='word_1_189' title='bbox 973 3223 1012 3288; x_wconf 85' lang='lat' dir='ltr'><strong>fr.</strong></span> <span class='ocrx_word' id='word_1_190' title='bbox 1032 3223 1095 3288; x_wconf 82' lang='lat'><strong>204</strong></span> 
     </span>
    </p>

    <p class='ocr_par' dir='ltr' id='par_1_6' title="bbox 320 3321 1018 3416">
     <span class='ocr_line' id='line_1_27' title="bbox 320 3321 1018 3416; baseline 0 -20"><span class='ocrx_word' id='word_1_191' title='bbox 320 3322 410 3396; x_wconf 78' lang='grc' dir='ltr'><strong><em>ὅπου</em></strong></span> <span class='ocrx_word' id='word_1_192' title='bbox 436 3331 473 3396; x_wconf 82' lang='grc' dir='ltr'><strong>δὲ</strong></span> <span class='ocrx_word' id='word_1_193' title='bbox 493 3324 537 3416; x_wconf 81' lang='grc' dir='ltr'><strong>μὴ</strong></span> <span class='ocrx_word' id='word_1_194' title='bbox 557 3321 683 3416; x_wconf 79' lang='grc' dir='ltr'><strong><em>τᾶριστ’</em></strong></span> <span class='ocrx_word' id='word_1_195' title='bbox 701 3330 889 3416; x_wconf 76' lang='grc' dir='ltr'><strong><em>ἐλευθέρως</em></strong></span> <span class='ocrx_word' id='word_1_196' title='bbox 909 3331 1018 3416; x_wconf 82' lang='grc' dir='ltr'><strong><em>λέγειν</em></strong></span> 
     </span>
    </p>

    <p class='ocr_par' dir='ltr' id='par_1_7' title="bbox 322 3433 992 3529">
     <span class='ocr_line' id='line_1_28' title="bbox 322 3433 992 3529; baseline 0.003 -25"><span class='ocrx_word' id='word_1_197' title='bbox 322 3437 436 3519; x_wconf 71' lang='grc' dir='ltr'><strong><em>ἔξεστι,</em></strong></span> <span class='ocrx_word' id='word_1_198' title='bbox 458 3443 533 3529; x_wconf 80' lang='grc' dir='ltr'><strong><em>νικᾷ</em></strong></span> <span class='ocrx_word' id='word_1_199' title='bbox 555 3440 583 3504; x_wconf 86' lang='lat' dir='ltr'><strong>d&#39;</strong></span> <span class='ocrx_word' id='word_1_200' title='bbox 605 3438 642 3504; x_wconf 79' lang='grc' dir='ltr'><strong>ἐν</strong></span> <span class='ocrx_word' id='word_1_201' title='bbox 663 3433 763 3506; x_wconf 81' lang='grc' dir='ltr'><strong><em>πόλει</em></strong></span> <span class='ocrx_word' id='word_1_202' title='bbox 784 3433 826 3504; x_wconf 81' lang='grc' dir='ltr'><strong>τὰ</strong></span> <span class='ocrx_word' id='word_1_203' title='bbox 846 3441 992 3526; x_wconf 75' lang='grc' dir='ltr'><strong><em>χείρονα,</em></strong></span> 
     </span>
    </p>

    <p class='ocr_par' dir='ltr' id='par_1_8' title="bbox 118 3538 959 3740">
     <span class='ocr_line' id='line_1_29' title="bbox 320 3538 954 3634; baseline 0.002 -22"><span class='ocrx_word' id='word_1_204' title='bbox 320 3538 476 3634; x_wconf 77' lang='grc' dir='ltr'><strong><em>ἁμαρτίαι</em></strong></span> <span class='ocrx_word' id='word_1_205' title='bbox 497 3541 681 3630; x_wconf 81' lang='grc' dir='ltr'><strong><em>σφάλλουσι</em></strong></span> <span class='ocrx_word' id='word_1_206' title='bbox 702 3541 765 3634; x_wconf 77' lang='grc' dir='ltr'><strong>τὴν</strong></span> <span class='ocrx_word' id='word_1_207' title='bbox 787 3549 954 3634; x_wconf 83' lang='grc' dir='ltr'><strong><em>σωτηρίαν</em></strong></span> 
     </span>
     <span class='ocr_line' id='line_1_30' title="bbox 118 3655 959 3740; baseline -0.002 -18"><span class='ocrx_word' id='word_1_208' title='bbox 118 3665 155 3722; x_wconf 88' lang='lat' dir='ltr'><strong>et</strong></span> <span class='ocrx_word' id='word_1_209' title='bbox 175 3657 236 3720; x_wconf 88' lang='lat' dir='ltr'><strong>ino.</strong></span> <span class='ocrx_word' id='word_1_210' title='bbox 259 3655 323 3720; x_wconf 86' lang='lat' dir='ltr'><strong>fab.</strong></span> <span class='ocrx_word' id='word_1_211' title='bbox 347 3656 386 3720; x_wconf 85' lang='lat' dir='ltr'><strong>fr.</strong></span> <span class='ocrx_word' id='word_1_212' title='bbox 411 3655 564 3738; x_wconf 88' lang='lat' dir='ltr'><strong>(Meinek.</strong></span> <span class='ocrx_word' id='word_1_213' title='bbox 587 3664 673 3740; x_wconf 70' lang='lat' dir='ltr'><strong>poet.</strong></span> <span class='ocrx_word' id='word_1_214' title='bbox 698 3677 777 3721; x_wconf 89' lang='lat' dir='ltr'><strong>com.</strong></span> <span class='ocrx_word' id='word_1_215' title='bbox 800 3655 861 3737; x_wconf 81' lang='grc' dir='ltr'><strong>ΠΙ,</strong></span> <span class='ocrx_word' id='word_1_216' title='bbox 884 3655 959 3736; x_wconf 85' lang='grc'>584)</span> 
     </span>
    </p>

    <p class='ocr_par' dir='ltr' id='par_1_9' title="bbox 117 3758 1214 4394">
     <span class='ocr_line' id='line_1_31' title="bbox 320 3758 1030 3852; baseline -0.001 -22"><span class='ocrx_word' id='word_1_217' title='bbox 320 3764 482 3852; x_wconf 74' lang='grc' dir='ltr'><strong><em>ἐλευθέρα</em></strong></span> <span class='ocrx_word' id='word_1_218' title='bbox 503 3758 566 3851; x_wconf 80' lang='grc' dir='ltr'><strong>γὰρ</strong></span> <span class='ocrx_word' id='word_1_219' title='bbox 587 3769 718 3850; x_wconf 79' lang='grc' dir='ltr'><strong><em>γλῶσσα</em></strong></span> <span class='ocrx_word' id='word_1_220' title='bbox 740 3769 811 3830; x_wconf 79' lang='grc' dir='ltr'><strong>τῶν</strong></span> <span class='ocrx_word' id='word_1_221' title='bbox 832 3763 1030 3850; x_wconf 70' lang='grc' dir='ltr'><strong><em>ἐλευθέρων.</em></strong></span> 
     </span>
     <span class='ocr_line' id='line_1_32' title="bbox 117 3872 1212 3959; baseline -0.002 -20"><span class='ocrx_word' id='word_1_222' title='bbox 117 3873 192 3939; x_wconf 84' lang='grc' dir='ltr'><strong>Νοο</strong></span> <span class='ocrx_word' id='word_1_223' title='bbox 224 3875 329 3940; x_wconf 91' lang='lat' dir='ltr'><strong>minus</strong></span> <span class='ocrx_word' id='word_1_224' title='bbox 362 3876 424 3940; x_wconf 89' lang='lat' dir='ltr'><strong>huc</strong></span> <span class='ocrx_word' id='word_1_225' title='bbox 456 3875 595 3959; x_wconf 88' lang='lat' dir='ltr'><strong>pertinet</strong></span> <span class='ocrx_word' id='word_1_226' title='bbox 631 3873 747 3937; x_wconf 91' lang='lat' dir='ltr'><strong>locutio</strong></span> <span class='ocrx_word' id='word_1_227' title='bbox 780 3872 1115 3958; x_wconf 72' lang='grc' dir='ltr'><strong><em>ἐξελευθεροστομεῑν</em></strong></span> <span class='ocrx_word' id='word_1_228' title='bbox 1147 3875 1212 3954; x_wconf 88' lang='lat' dir='ltr'><strong>(Ai.</strong></span> 
     </span>
     <span class='ocr_line' id='line_1_33' title="bbox 120 3981 1213 4068; baseline -0.001 -22"><span class='ocrx_word' id='word_1_229' title='bbox 120 3981 232 4063; x_wconf 75' lang='lat'>1258),</span> <span class='ocrx_word' id='word_1_230' title='bbox 254 3985 274 4047; x_wconf 93' lang='lat' dir='ltr'><strong>i.</strong></span> <span class='ocrx_word' id='word_1_231' title='bbox 297 4007 323 4048; x_wconf 92' lang='lat' dir='ltr'><strong>e.</strong></span> <span class='ocrx_word' id='word_1_232' title='bbox 346 3985 558 4068; x_wconf 84' lang='lat' dir='ltr'><strong>ingenuorum</strong></span> <span class='ocrx_word' id='word_1_233' title='bbox 580 4003 686 4060; x_wconf 89' lang='lat' dir='ltr'><strong>more,</strong></span> <span class='ocrx_word' id='word_1_234' title='bbox 717 3991 827 4066; x_wconf 85' lang='lat' dir='ltr'><strong>aperte</strong></span> <span class='ocrx_word' id='word_1_235' title='bbox 857 3991 890 4046; x_wconf 90' lang='lat' dir='ltr'><strong>et</strong></span> <span class='ocrx_word' id='word_1_236' title='bbox 910 3982 1089 4065; x_wconf 86' lang='lat' dir='ltr'><strong>procaciter</strong></span> <span class='ocrx_word' id='word_1_237' title='bbox 1117 3981 1213 4064; x_wconf 89' lang='lat' dir='ltr'><strong>loqui.</strong></span> 
     </span>
     <span class='ocr_line' id='line_1_34' title="bbox 118 4089 1213 4175; baseline -0.003 -21"><span class='ocrx_word' id='word_1_238' title='bbox 118 4091 298 4173; x_wconf 79' lang='lat' dir='ltr'><strong>Aptissima</strong></span> <span class='ocrx_word' id='word_1_239' title='bbox 318 4103 426 4156; x_wconf 87' lang='lat' dir='ltr'><strong>autem</strong></span> <span class='ocrx_word' id='word_1_240' title='bbox 448 4091 625 4175; x_wconf 89' lang='lat' dir='ltr'><strong>Sophocles</strong></span> <span class='ocrx_word' id='word_1_241' title='bbox 648 4089 779 4154; x_wconf 91' lang='lat' dir='ltr'><strong>chorum</strong></span> <span class='ocrx_word' id='word_1_242' title='bbox 800 4111 926 4174; x_wconf 88' lang='lat' dir='ltr'><strong>semper</strong></span> <span class='ocrx_word' id='word_1_243' title='bbox 947 4089 1069 4154; x_wconf 89' lang='lat' dir='ltr'><strong>inducit</strong></span> <span class='ocrx_word' id='word_1_244' title='bbox 1084 4111 1124 4153; x_wconf 90' lang='lat' dir='ltr'><strong>ex</strong></span> <span class='ocrx_word' id='word_1_245' title='bbox 1139 4089 1213 4152; x_wconf 88' lang='lat' dir='ltr'><strong>civi-</strong></span> 
     </span>
     <span class='ocr_line' id='line_1_35' title="bbox 120 4197 1212 4283; baseline -0.002 -21"><span class='ocrx_word' id='word_1_246' title='bbox 120 4199 183 4262; x_wconf 92' lang='lat' dir='ltr'><strong>bus</strong></span> <span class='ocrx_word' id='word_1_247' title='bbox 205 4201 256 4264; x_wconf 90' lang='lat' dir='ltr'><strong>vel</strong></span> <span class='ocrx_word' id='word_1_248' title='bbox 278 4200 385 4264; x_wconf 87' lang='lat' dir='ltr'><strong>liberis</strong></span> <span class='ocrx_word' id='word_1_249' title='bbox 408 4199 638 4282; x_wconf 86' lang='lat' dir='ltr'><strong>compositum,</strong></span> <span class='ocrx_word' id='word_1_250' title='bbox 669 4208 705 4263; x_wconf 91' lang='lat' dir='ltr'><strong>ut</strong></span> <span class='ocrx_word' id='word_1_251' title='bbox 733 4197 832 4263; x_wconf 87' lang='lat' dir='ltr'><strong>libere</strong></span> <span class='ocrx_word' id='word_1_252' title='bbox 853 4198 941 4283; x_wconf 92' lang='lat' dir='ltr'><strong>loqui</strong></span> <span class='ocrx_word' id='word_1_253' title='bbox 963 4199 1064 4282; x_wconf 89' lang='lat' dir='ltr'><strong>possit</strong></span> <span class='ocrx_word' id='word_1_254' title='bbox 1086 4207 1119 4262; x_wconf 88' lang='lat' dir='ltr'><strong>et</strong></span> <span class='ocrx_word' id='word_1_255' title='bbox 1140 4219 1212 4261; x_wconf 90' lang='lat' dir='ltr'><strong>oon·</strong></span> 
     </span>
     <span class='ocr_line' id='line_1_36' title="bbox 122 4305 1214 4394; baseline -0.001 -24"><span class='ocrx_word' id='word_1_256' title='bbox 122 4307 241 4389; x_wconf 91' lang='lat' dir='ltr'><strong>dolere,</strong></span> <span class='ocrx_word' id='word_1_257' title='bbox 264 4307 297 4372; x_wconf 94' lang='lat' dir='ltr'><strong>id</strong></span> <span class='ocrx_word' id='word_1_258' title='bbox 319 4309 404 4394; x_wconf 92' lang='lat' dir='ltr'><strong>quod</strong></span> <span class='ocrx_word' id='word_1_259' title='bbox 427 4329 490 4372; x_wconf 92' lang='lat' dir='ltr'><strong>non</strong></span> <span class='ocrx_word' id='word_1_260' title='bbox 517 4307 632 4372; x_wconf 87' lang='lat' dir='ltr'><strong>fefellit</strong></span> <span class='ocrx_word' id='word_1_261' title='bbox 661 4307 865 4372; x_wconf 87' lang='lat' dir='ltr'><strong>scholiastam</strong></span> <span class='ocrx_word' id='word_1_262' title='bbox 895 4308 949 4392; x_wconf 91' lang='lat' dir='ltr'><strong>qui</strong></span> <span class='ocrx_word' id='word_1_263' title='bbox 977 4306 1144 4371; x_wconf 90' lang='lat' dir='ltr'><strong>adnotavit</strong></span> <span class='ocrx_word' id='word_1_264' title='bbox 1173 4305 1214 4370; x_wconf 87' lang='lat' dir='ltr'><strong>ad</strong></span> 
     </span>
    </p>
   </div>
   <div class='ocr_carea' id='block_1_5' title="bbox 0 0 1568 5176">
    <p class='ocr_par' dir='ltr' id='par_1_10' title="bbox 0 0 1568 5176">
     <span class='ocr_line' id='line_1_37' title="bbox 0 0 1568 5176; baseline 0 1"><span class='ocrx_word' id='word_1_265' title='bbox 0 0 1568 5176; x_wconf 95' lang='lat' dir='ltr'><strong> </strong></span> 
     </span>
    </p>
   </div>
  </div>
 </body>
</html>
