3126 5176
210 1796 246 1864 si
274 1797 345 1884 quis
373 1805 469 1881 poeta
490 1796 690 1861 tractandam
712 1796 773 1860 sibi
794 1797 890 1860 sumit
918 1797 1084 1861 materiam
1113 1818 1154 1862 cx
1181 1798 1220 1862 iis

129 1905 325 1991 temporibus
346 1906 516 1990 repetitam
538 1925 671 1990 quorum
693 1925 797 1969 mores
819 1913 980 1986 vetustate
1008 1905 1072 1968 sint
1094 1903 1228 1984 oblitte-¹

128 2015 200 2095 rati,
223 2033 378 2077 summam
398 2013 432 2076 in
453 2011 486 2076 id
508 2011 604 2077 debet
625 2011 770 2076 conferre
790 2034 928 2097 operam,
950 2021 986 2076 ut
1006 2013 1178 2076 remotiora
1199 2033 1219 2076 a

36 2117 45 2128 '
127 2123 176 2185 sui
206 2121 324 2185 saeculi
353 2119 495 2184 moribus
521 2119 563 2184 ad
592 2142 758 2185 commune
786 2119 938 2184 iudicium
969 2121 1218 2206 popularemque

8 2245 9 2250 ’
127 2229 378 2312 intellegentiam
398 2228 635 2293 accommodet:
657 2228 742 2314 quod
764 2229 791 2292 si
812 2229 1000 2312 neglexerit,
1022 2250 1115 2293 nemo
1132 2237 1218 2293 certe

127 2338 194 2401 eius
217 2357 313 2421 opere
335 2335 546 2401 delectabitur
568 2337 629 2400 nisi
651 2336 734 2400 forte
755 2337 826 2421 quis
845 2336 906 2400 erit
919 2337 1099 2400 accuratius
1115 2335 1218 2400 erudi·

127 2454 178 2508 tus
192 2465 361 2528 rerumque
375 2445 579 2528 antiquarum
594 2445 727 2529 peritior
741 2445 795 2529 qui
811 2447 956 2509 vetustos
971 2444 1041 2508 illos
1056 2442 1219 2507 hominum

127 2572 231 2616 mores
259 2561 366 2617 mente
396 2553 498 2637 possit
526 2562 681 2637 repetere.
734 2552 839 2631 Quam
871 2573 1016 2616 normam
1047 2571 1119 2614 cum
1150 2549 1220 2619 eliis

127 2667 292 2744 po'e‘tarum
315 2661 486 2744 generibus
516 2669 584 2724 tum
611 2662 715 2746 poetis
747 2661 879 2744 tragicis
910 2661 965 2745 qui
991 2681 1056 2724 non
1078 2659 1221 2722 contenti

127 2769 333 2852 pristinorum
354 2777 535 2854 temporum
556 2767 701 2834 homines
723 2791 839 2855 resque
862 2767 905 2833 ab
927 2769 965 2832 ii·
982 2777 1090 2852 gestas
1106 2769 1221 2834 litteris

127 2873 297 2940 mandasse
318 2877 404 2961 ipsos
425 2877 574 2961 antiquos
595 2877 739 2941 homines
754 2878 847 2962 quasi
869 2875 909 2940 ab
930 2875 1043 2940 inferis
1066 2878 1222 2944 excitatos

126 2983 160 3046 in
182 3004 308 3048 scenam
329 2983 517 3068 producant,
539 2985 585 3048 ita
599 2993 642 3066 ut
662 3006 714 3049 res
736 2984 860 3068 pridem
874 2993 965 3048 actae
987 2993 1143 3070 tanquam
1163 2985 1221 3048 ite·

126 3110 197 3153 rum
219 3100 296 3156 ante
317 3101 533 3176 spectatorum
555 3093 663 3156 oculos
678 3093 732 3176 agi
745 3092 924 3174 videantur,
954 3089 1036 3155 bene
1051 3091 1222 3156 observan-

126 3197 200 3261 dam
222 3221 292 3262 esse
313 3199 407 3264 facile
428 3200 634 3284 intellegitur.
678 3201 728 3264 Ac
749 3200 920 3285 praecipue
943 3200 1011 3264 sine
1033 3199 1130 3263 dubio
1153 3201 1221 3265 eius

125 3307 173 3370 rei
193 3309 276 3371 ratio
299 3317 367 3373 erat
389 3308 538 3374 habenda
552 3309 670 3373 Atticis
692 3309 796 3394 poetis
817 3309 949 3392 tragicis
965 3306 1105 3393 :quibus
1126 3330 1220 3373 nemo

125 3435 267 3500 unquam
288 3425 385 3500 poeta
406 3426 461 3482 aut
482 3418 586 3502 potuit
616 3429 672 3481 aut
700 3415 811 3480 debuit
839 3438 930 3500 esse,
962 3425 998 3479 ut
1028 3415 1075 3480 ita
1106 3415 1219 3500 dicam,

125 3523 317 3607 popularior.
361 3524 447 3590 Nam
470 3547 541 3588 cum
562 3523 629 3589 ludi
660 3525 777 3589 scenici
805 3522 890 3609 apud
912 3523 1128 3590 Athenienses
1149 3545 1219 3610 per-

126 3631 265 3696 tinerent
287 3631 327 3697 ad
350 3656 443 3698 sacra
469 3633 634 3699 sollemnia
661 3632 776 3718 quibus
807 3634 957 3697 universa
989 3631 1159 3698 multitudo
1188 3641 1221 3696 et

125 3738 249 3804 urbana
269 3749 301 3804 et
323 3743 459 3826 agrestis
482 3743 644 3825 intererat,
667 3740 794 3806 fabulae
808 3742 854 3805 ita
870 3740 1031 3806 debebant
1046 3763 1115 3806 esse
1135 3760 1218 3804 oom-

126 3856 267 3932 paratae,
300 3858 335 3913 ut
366 3848 461 3914 rebus
494 3851 528 3913 in
561 3871 656 3914 scena
688 3850 767 3913 actis
800 3849 921 3933 pariter
952 3851 1092 3913 omnium
1120 3847 1220 3911 animi

126 3954 360 4021 delectarentur
382 3966 479 4042 atque
500 3957 757 4042 percellerentur.
810 3957 920 4041 Atque
941 3957 1002 4020 ets'i
1024 3965 1056 4020 et
1078 3955 1219 4039 ipsarum

126 4061 306 4128 fabularum
333 4064 502 4150 plerasque
533 4074 565 4130 et
592 4066 738 4130 heroicae
769 4065 885 4128 aetatis
914 4083 1038 4126 morum
1060 4062 1221 4127 exteriora

126 4180 212 4236 certe
251 4171 445 4236 lineamenta
483 4195 524 4238 ex
556 4172 690 4238 Homeri
729 4172 985 4258 cyclicorumque
1026 4168 1218 4235 carminibus

124 4264 235 4342 omnes
257 4277 325 4342 fere
346 4289 573 4363 cognoverant,
597 4289 704 4345 tamen
728 4287 840 4365 poetas
847 4330 856 4363 ‚
887 4279 915 4343 si
942 4299 1106 4364 nunquam
1127 4286 1219 4342 extra

107 4393 279 4470 'angustos
310 4387 381 4451 illos
413 4388 571 4452 cancellos
604 4389 726 4472 egressi
759 4397 883 4471 essent,
921 4387 977 4450 vix
1009 4407 1218 4472 responsuros

1000 4504 1018 4566 1
