3126 5176
687 484 728 550 83

609 573 807 582 ——ss—

155 683 340 748 narratione
362 704 444 768 quae
466 685 646 749 continetur
667 684 716 748 El.
739 705 769 748 v.
792 684 854 749 680
869 705 938 770 sqq.
948 683 1001 769 ⁶²),
1023 685 1109 768 quod
1131 685 1253 750 inducit

155 792 241 855 inter
262 800 421 856 certantes
442 812 541 855 unum
563 793 617 876 qui
639 781 850 876 estildqvoiv
872 795 942 856 τῶν
963 785 1163 876 θεοδμήτων
1184 783 1252 858 diuo

157 899 269 982 (707),
303 900 366 982 qui,
398 909 435 962 ut
457 907 505 963 est
536 891 644 974 όεινός
664 888 886 983 ἡνιοστρόφος
909 897 1018 982 (731),
1047 900 1079 962 in
1109 909 1252 963 extremo

155 1007 296 1090 periculo
328 1026 452 1070 summa
483 1007 583 1070 utitur
615 1007 714 1070 animi
747 1007 945 1090 praesentia,
976 1005 1037 1070 hoc
1066 1007 1196 1071 minime
1215 1007 1253 1072 fit

156 1113 299 1194 fortuito,
322 1112 379 1176 sed
400 1135 437 1177 eo
460 1114 609 1196 consilio,
639 1122 675 1176 ut
697 1111 911 1178 Athenienses
941 1114 1053 1176 suain
1075 1115 1163 1198 equis
1185 1115 1252 1198 agi-

156 1218 263 1284 tandis
286 1219 452 1284 habilitate
475 1222 588 1284 ceteris
610 1218 768 1285 Graeciae
790 1219 940 1302 gentibus
956 1219 1166 1284 ostendantur
1184 1243 1253 1286 esse

155 1327 345 1411 superiores.

240 1433 376 1513 Quando
398 1444 505 1499 autem
526 1455 631 1498 sermo
654 1444 702 1498 est
718 1433 758 1498 de
773 1429 826 1500 illo
842 1435 1017 1498 certamine
1038 1436 1188 1518 equestri,
1210 1436 1252 1500 ab

156 1541 218 1604 hoc
245 1542 315 1605 loco
351 1563 417 1605 non
445 1543 581 1606 alienum
615 1563 685 1606 esse
715 1539 842 1606 videtur
874 1540 914 1606 de
945 1541 1162 1606 communibus
1191 1543 1252 1606 illis

156 1649 297 1712 omnium
342 1648 540 1713 Graecorum
585 1648 810 1712 certaminibus
853 1669 955 1733 pauca
994 1670 1251 1714 commemorare.

158 1755 302 1834 Quorum
325 1777 533 1840 quaecunque
554 1755 638 1840 apud
661 1755 852 1839 Sophoclem
881 1756 1086 1819 inveniuntur
1106 1757 1251 1840 vestigia,

157 1863 304 1928 heroicae
325 1865 423 1927 aetati
444 1863 540 1948 plane
561 1873 636 1926 sunt
657 1861 870 1926 abiudicanda
886 1886 894 1926 :
909 1883 983 1926 nam
1004 1863 1130 1928 illorum
1151 1874 1251 1928 certa·

157 1971 278 2034 minum
299 1991 365 2032 non
387 1971 476 2055 prius
500 1979 569 2033 erat
589 1969 678 2033 locus
700 1991 795 2053 quam
817 1971 851 2034 in
871 1991 967 2034 unam
982 1972 1073 2054 quasi
1088 1972 1252 2036 nationem

159 2098 268 2140 omnes
291 2076 411 2142 Graeci
434 2077 626 2140 coaluerant.
671 2075 742 2154 Quo
771 2086 995 2161 praeterquam
1025 2077 1111 2162 quod
1138 2077 1187 2142 El.
1210 2079 1251 2143 49

157 2183 198 2248 ab
228 2183 344 2249 Oreste
373 2192 591 2248 memorantur
619 2168 722 2249 άθλοι
743 2186 891 2250 Πυθικοὶ
923 2194 954 2249 et
982 2185 1041 2249 681
1065 2205 1112 2269 sq.
1135 2185 1250 2269 paeda·

156 2313 261 2375 gogus
284 2289 432 2357 Orestem
454 2290 532 2356 dicit
554 2291 823 2375 esse'prolectum

631 2397 664 2474 ἐς
685 2391 725 2463 τὸ
746 2391 880 2463 κλεινὸν
897 2388 1051 2475 Ἑλλάδος

304 2486 466 2593 πρόσχημ’
488 2496 618 2590 ἀγῶνος
639 2507 813 2586 Δελφικῶν
834 2496 954 2570 ἄθλιον
974 2499 1080 2592 χάριν,

156 2614 299 2678 nonnulli
331 2613 491 2678 referendi
522 2622 598 2676 sunt
626 2613 687 2676 loci
720 2611 835 2697 quibus
867 2614 988 2676 mentio
1025 2613 1062 2677 fit
1083 2613 1249 2698 θεωρίας.

155 2720 362 2804 Singularum
384 2721 468 2785 enim
491 2719 649 2785 Graeciae
669 2720 835 2782 civitatum
864 2719 905 2783 ad
938 2720 1030 2784 ludos
1059 2721 1131 2789 illos
1163 2742 1250 2805 spec·

156 2829 270 2892 tandos
313 2829 547 2893 conveniebant
578 2849 687 2891 sacrae
720 2827 877 2911 quaedam
915 2829 1091 2910 lagationes
1123 2828 1251 2914 publice

225 3061 258 3128 ⁶¹)
277 3063 317 3114 Ad
336 3063 405 3114 hanc
424 3063 627 3129 descriptionem
645 3067 749 3129 poetam
768 3062 921 3113 adhibuisse
940 3062 1041 3113 colores
1058 3078 1091 3114 ex
1104 3079 1153 3114 sua
1165 3063 1248 3130 ipsius

155 3155 242 3200 aetate
261 3155 287 3200 et
304 3151 416 3202 fortuma
435 3166 468 3200 ex
486 3149 518 3200 iis
537 3165 606 3214 quae
624 3149 680 3215 ipse
701 3149 786 3200 oculis
805 3155 978 3214 conspexerat
996 3149 1170 3215 depromptos,
1194 3149 1248 3200 evi·

155 3235 247 3284 denter
264 3241 373 3301 apparet
390 3251 451 3286 cum
471 3251 503 3286 cx
521 3235 603 3286 totius
621 3235 780 3286 narrationis
806 3235 897 3300 vigore
920 3240 978 3286 tum
1001 3251 1034 3284 ex
1055 3234 1169 3300 singulis
1191 3235 1248 3300 qni·

154 3320 266 3372 busdam
291 3321 371 3370 rebus
397 3336 466 3384 quae
493 3320 526 3370 ad
554 3326 638 3370 certas
666 3321 839 3372 certaminum
866 3322 962 3372 formas
980 3321 1105 3370 videntur
1122 3326 1249 3386 spectare.

154 3407 267 3474 Βραβῆς
284 3405 355 3454 euim
373 3404 400 3452 in
418 3420 442 3452 v.
463 3406 512 3454 690
539 3404 609 3454 idem
634 3413 696 3456 sunt
720 3412 800 3470 atque
827 3403 1006 3473 ἀγωνοθέται
1032 3405 1078 3470 qui
1103 3405 1249 3456 victoribus

154 3505 264 3540 coronas
283 3489 484 3540 distribuebant.
522 3490 639 3552 Quorum
653 3489 729 3555 quasi
742 3491 905 3556 apparitores
918 3497 993 3541 erant
1004 3489 1133 3558 κήρυκες,
1152 3490 1249 3555 quibus

154 3575 261 3627 nomina
278 3576 410 3626 victorum
429 3581 505 3626 erant
521 3576 717 3640 pronuntianda
735 3576 782 3642 (cf.
803 3579 852 3628 693
872 3592 926 3641 sqq.

553 3658 706 3728 Ἀργεῖος
722 3659 776 3728 μὲν
794 3660 1033 3729 ἀνακαλούμενος,

353 3745 442 3815 όνομα
462 3748 484 3800 d'
500 3743 662 3815 Ὀρέστης,
681 3753 743 3802 τοῦ
762 3746 795 3802 τό
813 3746 927 3803 κλεινὸν
938 3745 1073 3812 Ἑλλάδος
1175 3788 1179 3792 -

354 3829 610 3900 Ἀγαμέμνονος
628 3832 778 3900 στράτευμ’
797 3831 964 3901 ἀγείραντός
982 3849 1060 3896 ποτε,

153 3932 221 3982 quae
230 3917 263 3967 ad
273 3918 426 3968 sollemnem
436 3924 557 3985 spectant
566 3918 686 3970 nominis
695 3918 957 3984 pronuntiationem),
970 3919 1144 3986 σαλπιγκταὶ
1152 3918 1249 3983 quibus

153 3999 259 4065 rignum
277 4001 390 4052 dandum
409 4008 466 4053 erat
484 4003 517 4053 ad
532 4002 692 4054 currendum
708 4001 752 4067 (of.
765 4003 834 4068 711),
853 4001 1005 4073 ῥαβδοῦχοι
1018 4004 1062 4054 vel
1079 4001 1249 4073 ῥαβδοφόροι

154 4084 251 4149 quibus
269 4085 333 4136 ordo
351 4100 382 4134 ac
395 4086 535 4152 disciplina
553 4088 582 4139 in
601 4088 687 4139 stadio
706 4093 762 4139 erat
779 4089 953 4140 custodienda
963 4088 1009 4154 (cf.
1019 4089 1114 4140 Trach.
1125 4090 1183 4153 515,
1202 4090 1249 4140 ubi

153 4185 238 4250 sermo
257 4177 299 4221 est
322 4171 354 4221 de
376 4172 658 4240 singulariHeroulis
684 4179 710 4224 et
727 4173 839 4225 Acheloi
865 4175 1021 4238 certamino,
1049 4175 1094 4224 oui
1120 4174 1248 4225 Venerem

155 4254 266 4320 fingitur
283 4257 451 4307 interfuisse:
469 4255 544 4324 μόνα
563 4261 586 4312 δ’
604 4257 753 4328 ιόλεκτρος
770 4255 801 4313 ἐν
818 4257 896 4332 μέσῳ
914 4259 1027 4327 Κύπρις
1043 4257 1249 4330 ῥαβδονόμοι

153 4341 295 4405 ξυνοῦσα).

911 4435 1052 4497 ¹6,
