3126 5176
874 443 915 508 28

792 531 988 540 ψ.-

348 633 476 704 hsroica
496 650 603 707 aetate
623 640 664 707 de
684 650 777 708 touta
797 643 951 728 pecuniae
970 645 1004 708 vi
1025 653 1058 710 at
1079 645 1269 710 auctoritate
1292 646 1347 729 agi
1369 667 1436 711 non

346 749 488 832 potuisse
509 751 580 835 quis
602 759 650 815 est
672 752 727 836 qui
747 751 895 816 nesciat?

429 856 538 941 Atque
553 857 743 942 Euripideos
759 860 814 944 qui
828 858 890 923 huc
911 861 1072 944 pertinent
1092 861 1179 925 locus
1194 861 1247 925 hic
1259 861 1436 926 rescribere

347 984 618 1047 supervacaneum
633 977 682 1030 est
692 968 736 1047 (v.
747 966 897 1050 Schenkl,
912 990 943 1053 p.
955 968 1016 1033 493
1027 969 1131 1054 sqq.):
1146 968 1316 1054 Aeschylei
1327 979 1435 1034 autem

346 1072 439 1135 unius
451 1073 512 1136 loci
522 1075 575 1158 qui
588 1074 629 1139 ad
642 1075 854 1160 Aeschyleam
864 1085 967 1140 artem
980 1076 1235 1161 cognoscendam
1248 1077 1433 1144 utilissimus

347 1200 417 1244 esse
436 1180 562 1247 videtur
583 1192 659 1269 apte
680 1183 740 1248 hoc
760 1183 829 1248 loco
845 1182 882 1248 fit
894 1185 1024 1249 mentio.
1068 1184 1175 1250 Prom.
1192 1187 1276 1250 enim
1290 1185 1351 1251 887
1363 1208 1432 1272 sqq.

347 1287 432 1372 quod
454 1289 494 1354 de
515 1289 601 1356 lovis
623 1301 655 1356 et
674 1291 730 1358 Ius
751 1293 953 1357 matrimonio
984 1293 1097 1357 chorus
1124 1293 1171 1358 sic
1199 1293 1321 1358 orditur
1347 1295 1433 1380 loqui

605 1441 606 1448 .
693 1386 840 1485 ἦσοφὸς
860 1389 881 1487 ἦ
902 1395 1007 1483 σοφὸς
1029 1389 1066 1478 ὃς

346 1510 482 1591 πρῶτος
497 1505 534 1572 ἐν
546 1502 662 1598 γνώμᾳ
676 1503 748 1574 τόδ’
760 1503 919 1592 ἐβάστασε
932 1512 988 1577 καὶ
1001 1503 1132 1600 γλώσσᾳ
1143 1504 1433 1598 διεμυθολόγησεν,

446 1604 490 1692 ὡς
510 1609 551 1680 τὸ
572 1617 727 1702 κηδεῦσαι
748 1619 827 1683 καθ’
848 1612 969 1684 ἑαυτὸν
989 1607 1154 1704 ἀριστεύει
1172 1623 1289 1704 μακρῷ

444 1725 500 1790 καὶ
520 1718 601 1811 μήτε
622 1729 694 1790 τοῖιν
714 1720 854 1812 πλούτῳ
875 1727 1176 1812 διαθρυπτομένων

443 1825 526 1917 μήτε
547 1837 618 1898 τῶν
637 1833 736 1924 γέννα
756 1834 1032 1919 μεγαλυνομένων

337 1961 339 1973 ’
445 1929 527 2004 ὄντα
547 1934 710 2028 χερνήταν
730 1939 924 2027 ἐραστεῦσαι
944 1935 1069 2027 γάμων,

345 2066 452 2112 nonne
473 2046 553 2113 haec
573 2049 723 2115 videntur
743 2049 830 2114 dicta
851 2071 921 2114 esse
947 2049 989 2114 ab
1018 2048 1358 2114 homine-Atheniensi
1379 2051 1433 2136 qui

346 2155 469 2220 viveret
491 2157 601 2242 quinto
621 2179 650 2221 a.
664 2154 700 2241 Ο.Ι
714 2157 866 2223 saeculo?
909 2157 993 2222 Nam
1015 2158 1159 2242 quamvis
1181 2167 1250 2222 arte
1271 2178 1343 2220 oum
1364 2159 1434 2242 ipsa

345 2283 381 2326 re
403 2262 601 2347 cohaereant,
623 2265 822 2330 heroicorum
843 2275 952 2330 tamen
966 2274 1145 2351 temporum
1159 2265 1288 2348 ingenio
1303 2265 1433 2329 minime

346 2370 564 2454 respondent:
587 2371 702 2457 quibus
725 2394 796 2436 cum
818 2372 929 2438 eadem
950 2373 1018 2437 fere
1032 2383 1119 2438 sorte
1133 2394 1242 2438 omnes
1257 2381 1432 2456 uterentur,

236 2489 238 2493 ’
346 2499 439 2543 nemo
461 2479 609 2566 profecto·
627 2481 875 2545 matrimonium¹
892 2481 1027 2546 initurus
1049 2481 1126 2545 talia
1148 2490 1196 2546 est
1215 2481 1431 2546 ratiocinatus.

345 2586 424 2654 Tria
453 2589 551 2672 igitur
579 2610 661 2674 quae
690 2599 758 2654 tum
788 2589 926 2654 Athenis
956 2588 1167 2654 versabantur
1193 2587 1432 2674 distinguuntur

348 2694 513 2762 hominum
533 2718 661 2782 genera,
683 2699 779 2762 itaut
794 2699 849 2783 qui
862 2696 981 2762 divitiis
1003 2697 1160 2762 excellant
1175 2697 1292 2782 quique
1306 2697 1431 2781 generis

345 2803 515 2870 nobilitate
536 2806 713 2889 glorientur
733 2805 774 2869 ab
789 2805 899 2870 humili
913 2804 1116 2869 multitudine
1132 2813 1351 2888 segregentur.
1385 2808 1432 2868 Ac

346 2913 373 2976 si
394 2912 554 2976 desiderat
576 2921 682 2997 poeta,
704 2934 745 2977 ne
766 2911 899 2977 humiles
927 2910 1063 2976 conubio
1090 2912 1341 2996 permisceantur
1362 2933 1431 2976 cum

345 3020 564 3104 optimatibus,
585 3020 646 3085 hac
667 3021 828 3084 sententia
847 3021 957 3105 ipsius,
980 3021 1097 3104 quippe
1113 3021 1167 3105 qui
1182 3018 1349 3104 splendido
1363 3021 1431 3084 loco

345 3126 441 3192 fuerit
461 3137 575 3212 natus,
606 3127 769 3192 inlustrari
798 3127 926 3192 videtur
954 3127 1060 3192 nobile
1082 3127 1243 3213 quoddam
1269 3129 1431 3212 ingenium

345 3255 407 3320 quo
447 3237 567 3300 servari
606 3235 726 3300 ordinis
761 3244 794 3300 et
817 3235 982 3300 ‘fortunae
1017 3235 1183 3300 dicrimine
1223 3257 1320 3320 quam
1356 3255 1430 3322 quo·

346 3363 470 3427 cunque
490 3344 536 3407 rei
558 3343 704 3428 publicae
733 3345 902 3429 populares
930 3352 1099 3428 penetrare
1125 3343 1252 3408 videtur
1272 3343 1429 3408 maluisse.

344 3451 455 3536 Atque
492 3472 533 3516 ne
569 3450 629 3514 hoc
668 3450 797 3536 quidem
836 3453 993 3517 immerito
1031 3473 1072 3516 ex
1103 3451 1152 3516 his
1184 3453 1294 3537 paucis
1325 3449 1430 3516 verbis

345 3558 416 3622 elici
445 3557 571 3622 videtur
598 3558 684 3643 quod
720 3581 737 3623 e
764 3559 870 3624 media
899 3560 1144 3625 Atheniensium
1176 3561 1245 3624 vita
1272 3560 1431 3624 cotidiana

344 3668 388 3730 sit
419 3675 591 3750 sumptum.
645 3665 839 3751 Nuptiarum
871 3669 956 3732 euim
985 3677 1051 3732 tam
1092 3668 1261 3753 imparium
1293 3675 1430 3753 quantae

345 3782 452 3838 essent
472 3773 663 3839 acerbitates
691 3775 783 3839 multi
812 3785 898 3840 certe
927 3784 1143 3860 spectatorum
1176 3785 1232 3840 aut
1260 3776 1322 3860 ipsi
1343 3784 1432 3840 erant

345 3883 467 3966 experti
483 3891 538 3946 aut
552 3883 686 3947 aliorum
701 3883 881 3948 calamitate
891 3883 976 3948 docti
988 3892 1088 3967 erant,
1100 3893 1136 3948 ut
1150 3903 1304 3969 persaepe
1319 3885 1431 3950 scimus

348 3989 502 4074 evenisse,
523 3999 558 4055 ut
579 3991 712 4056 maritus
734 3992 788 4076 qui
809 3993 879 4076 ipse
908 4000 977 4056 erat
1004 3991 1142 4056 fortunis
1172 3992 1296 4076 exiguis
1325 3993 1431 4056 uxoris

349 4117 432 4180 quae
450 4117 601 4180 maguam
623 4098 730 4163 dotem
751 4108 919 4184 acceperat
939 4097 1072 4162 arbitrio
1101 4108 1185 4163 esset
1207 4099 1367 4163 subiectus
1378 4097 1431 4182 1⁹);

419 4323 449 4393 ¹⁹)
471 4326 512 4378 Ol.
538 4327 674 4380 Plutarch.
702 4329 734 4380 de
761 4329 836 4381 educ.
862 4345 935 4396 puer.
956 4331 994 4381 19.
1037 4330 1153 4380 Amator.
1173 4334 1195 4380 7.
1240 4329 1281 4382 Ob
1302 4329 1329 4381 id
1346 4328 1431 4396 ipsum
