3126 5176
819 417 916 486 ’94

350 619 391 688 ab
414 620 593 704 aequalium
615 639 743 686 suorum
765 619 914 704 opinione
934 643 999 688 non
1018 623 1064 688 ita
1084 622 1180 704 longe
1199 619 1329 686 recedit.
1371 619 1439 688 Eo-

272 791 274 794 .
353 729 427 795 dem
448 729 587 812 pertinet
607 727 833 796 adiectivorum
860 717 992 815 εὐγενὴς
1021 739 1053 796 et
1080 741 1231 815 γενναῖος
1259 725 1438 810 translatio,

352 835 467 922 quibus
483 835 657 920 quamhbet
670 835 831 918 virtutem,
852 837 940 902 velut
954 838 1201 920 generositatem
1215 833 1439 902 fortitudinem

350 944 527 1010 honestatis
548 941 688 1009 studium
710 942 911 1027 prudentiam
932 942 1180 1010 misericordiam
1199 944 1351 1028 pietatem
1372 943 1436 1006 sin-

351 1053 525 1132 ceritatem,
549 1071 630 1134 quae
651 1049 778 1134 quoque
798 1050 868 1113 loco
890 1060 939 1116 eet
959 1052 1134 1133 sententia,
1163 1050 1307 1118 videmus
1338 1051 1437 1134 signi·

351 1159 441 1224 ficari
470 1147 617 1242 (εὐγενὴς
647 1157 698 1220 Ai.
728 1157 790 1222 479
823 1156 863 1221 cf.
885 1156 1004 1242 Phryg.
1027 1157 1066 1225 fr.
1088 1158 1157 1222 649.
1190 1158 1333 1226 Erote.
1357 1159 1434 1224 1081

352 1287 438 1352 sqq.;
472 1266 523 1332 Αἰ.
545 1265 623 1346 523;
655 1264 704 1332 ΕΙ.
727 1266 806 1346 257;
838 1263 919 1332 Phil.
940 1265 1002 1332 874
1035 1266 1074 1332 cf.
1105 1266 1176 1332 260.
1198 1266 1247 1332 96.
1290 1265 1343 1332 Ai.
1365 1265 1437 1332 437.

351 1375 400 1442 ΕΙ.
422 1374 493 1444 589.
528 1372 587 1442 00
609 1373 679 1438 937.
710 1371 790 1436 Phil.
816 1373 896 1440 1310
916 1395 986 1460 sqq.
1016 1375 1101 1442 Alet.
1123 1374 1162 1440 fr.
1185 1373 1325 1456 92301t
1348 1375 1437 1450 1225,

351 1484 406 1548 uhi
427 1483 536 1566 glossa
556 1482 696 1567 γνησίως
724 1502 799 1546 usus
829 1503 900 1548 oum
927 1480 1110 1566 Hartungio
1140 1482 1180 1549 al.
1211 1503 1268 1567 pro
1296 1481 1439 1567 ἑγγενώς

351 1591 424 1674 lego
446 1579 605 1674 εὖγενῶςς
631 1588 741 1657 Alead.
763 1588 803 1654 fr.
827 1589 895 1654 100.
920 1590 995 1672 105,
1022 1590 1078 1654 ubi
1099 1591 1292 1658 contrarium
1320 1579 1438 1675 α’γενὴς

352 1708 401 1766 est
422 1720 480 1784 pro
501 1692 613 1775 κακός.
638 1709 848 1782 -γενναῖος
869 1697 921 1764 Ai.
943 1697 1013 1764 938.
1035 1697 1083 1762 El.
1105 1697 1176 1762 987.
1198 1697 1282 1762 Phil.
1303 1697 1353 1762 51.
1376 1698 1439 1762 475
1543 1783 1544 1796 γ

352 1828 399 1892 sq.
425 1805 512 1876 1068.
536 1804 596 1872 OR
619 1804 698 1872 1469
721 1804 761 1870 cf.
786 1805 874 1870 1510.
898 1805 1100 1874 008569.
1126 1805 1213 1872 1042.
1238 1805 1437 1872 16361640.
1543 1799 1544 1816 ’

352 1913 438 1987 Alet.
461 1913 499 1982 fr.
521 1913 570 1978 91.
592 1913 641 1978 94.
663 1911 733 1978 Ion.
756 1912 794 1979 fr.
816 1912 930 1997 2985).

436 2019 633 2101 Quibuscum
655 2023 681 2086 si
704 2042 925 2105 comparamus
947 2021 1066 2108 Tyron.
1090 2021 1127 2086 fr.
1150 2021 1240 2088 583a

500 2131 637 2197 aroildis
657 2129 685 2194 δ’
707 2127 745 2197 ἐν
765 2131 982 2222 πολυπληθίαν
1003 2131 1142 2199 πέλεται

502 2227 572 2302 οὔτ’
593 2226 650 2306 ἀπ’
672 2226 834 2324 εὖγενέοον
854 2232 977 2316 ἐσθλὸς
997 2231 1069 2306 οὔτ’
1090 2229 1233 2324 ἀχρείων

501 2335 569 2409 ἄπο
591 2347 666 2414 λίαν
686 2339 805 2422 κακός·
826 2350 940 2432 βροτῷ
961 2347 997 2413 δὲ
1018 2341 1140 2418 πιστὸν
1161 2335 1268 2426 οὐδέν,

352 2452 436 2518 hanc
465 2455 656 2523 sententiam
686 2476 757 2526 cum
778 2455 840 2528 illis
860 2477 926 2524 nou
957 2456 1052 2526 modo
1074 2478 1138 2524 nou
1168 2456 1351 2538 concinere,
1382 2454 1437 2519 sed

353 2583 482 2646 prorsus
505 2563 542 2626 iis
566 2563 756 2628 contrariam
771 2585 841 2629 esse
862 2585 989 2631 necesso
1004 2574 1052 2629 est
1067 2564 1286 2634 concedamus.
1329 2564 1438 2650 Atque

354 2670 427 2736 Ter.
449 2671 488 2736 fr.
509 2671 571 2736 518

395 2777 432 2844 ἓν
452 2783 560 2861 φῦλον
581 2768 778 2877 depedace
798 2781 843 2866 μί’
865 2779 966 2861 ἔδειξε
987 2773 1114 2866 πατρὸς
1134 2782 1189 2846 καί
1210 2773 1336 2866 ματρὸς
1356 2771 1438 2866 ἡμᾶς

394 2877 499 2972 ἁμέρα
519 2879 600 2962 τοὶς
620 2880 765 2964 πάντας·
786 2878 897 2965 οὐδεὶς
912 2885 1025 2972 ἔξοχος
1039 2880 1138 2965 ἄλλος
1153 2886 1311 2971 ἔβλαστεν
1324 2879 1435 2954 ἄλλον.
1482 2873 1486 2882 ’

394 2988 507 3076 βόσκει
523 2993 559 3058 δὲ
573 2987 654 3070 τοὺς
666 2994 728 3078 μὲν
741 3007 840 3080 μοῖρα
855 2995 1060 3080 evocaretur,
1082 2989 1161 3073 τοὺς
1180 2996 1209 3062 (ί
1224 2988 1323 3079 ὄλβος
1336 2987 1437 3083 ἡμῶν,
1545 2971 1546 3042 l

394 3094 474 3178 τοὺς
495 3101 531 3169 δὲ
552 3101 703 3180 δουλείας
723 3095 824 3186 §Utor
845 3100 938 3187 ἔσχεν
958 3090 1101 3188 ἀνάγκας

354 3209 438 3275 idem
459 3217 556 3296 potita
576 3231 640 3274 non
662 3208 788 3278 dubitet
809 3220 920 3294 aperte
941 3213 1163 3296 pronuntiare,
1193 3233 1264 3282 oum
1293 3212 1437 3277 omnibus

354 3317 534 3384 hominibus
555 3317 696 3403 aequalis
717 3320 896 3403 situatum,
917 3321 1036 3390 nemini
1050 3330 1182 3406 propter
1195 3321 1321 3404 generis
1337 3320 1437 3406 splen-

355 3427 466 3491 dorem
480 3426 589 3491 deheri
605 3427 800 3511 superiorem
814 3427 927 3494 locum.
971 3425 1079 3507 Quid?
1100 3427 1187 3513 quod
1201 3427 1313 3497 Alead.
1325 3427 1365 3492 fr.
1383 3428 1438 3493 108

505 3524 585 3619 ὃδὴ
606 3528 740 3610 νόθος
760 3547 832 3612 τοῖς
852 3523 1047 3621 γνησίοις
1075 3535 1149 3603 ἴσον
1169 3536 1293 3616 σθένει,

503 3632 595 3710 ἅπαν
615 3635 655 3712 τὸ
674 3635 819 3728 χρηστὸν
838 3644 975 3728 γνησίαν
998 3641 1063 3728 ἔχει
1085 3637 1234 3728 φύσινῑί)

356 3864 503 3931 Sophoclea
526 3863 664 3928 obhorret;
692 3863 787 3918 deinde
814 3865 882 3932 quod
909 3864 941 3918 de
967 3864 1075 3916 deorum
1102 3865 1204 3916 iustitia
1230 3869 1309 3932 poeta
1335 3865 1439 3917 videtur

356 3950 494 4016 dubitare,
514 3950 624 4001 vminime
649 3950 791 4022 respondet
814 3951 908 4020 pietati
930 3950 971 4001 llli
993 3965 1026 4001 ac
1049 3949 1173 4020 religioni
1196 3967 1249 4020 qus
1265 3951 1363 4004 scimus
1381 3969 1439 4003 enm

357 4038 459 4105 patrios
478 4038 540 4088 deos
558 4053 614 4088 esse
631 4043 794 4088 veneratum.
830 4036 916 4088 Multo
941 4043 1028 4088 tamen
1051 4037 1195 4088 modestius
1213 4037 1279 4092 haec
1296 4038 1368 4090 dicta
1386 4053 1440 4089 esse

361 4140 441 4189 quam
457 4125 520 4174 Eur.
538 4123 600 4176 Mal.
619 4123 650 4174 fr.
669 4124 719 4175 508
737 4127 785 4173 sut
800 4121 890 4174 Phr-ix.
909 4123 941 4174 e.
960 4123 1009 4174 819
1028 4122 1108 4174 facile
1125 4123 1272 4191 disploltur.

427 4207 461 4277 17)
479 4210 554 4260 Haec
571 4209 709 4263 referenda
727 4224 783 4260 esse
801 4208 925 4260 videntur
942 4209 976 4260 ad
993 4209 1025 4258 fr.
1046 4213 1092 4260 107

559 4298 679 4350 παῦσαι·
698 4300 839 4362 καταρνεῖ
854 4295 936 4350 τοῦδε
953 4297 1113 4364 κεκλῆσθαι
1132 4293 1246 4364 πατρὸς,
