3126 5176
855 433 896 500 70

324 634 478 702 Similiter
498 633 568 700 illas
591 655 686 698 voces
708 633 845 697 inveniri
865 634 957 698 iuxta
978 633 1099 717 positas
1122 632 1155 696 in
1178 629 1262 694 Plut.
1285 630 1422 696 Aristid.

251 783 255 792 ·
325 767 351 807 o.
373 744 423 808 23Ὶ
436 743 540 808 obiter
560 763 711 808 memoro.

407 850 458 914 Ao
478 849 520 914 de
539 851 641 914 tribus
663 849 724 914 illis
746 848 884 912 civitatis
914 846 1075 912 beneficiis
1098 867 1180 931 quae
1202 844 1425 910 consistebant

324 959 357 1022 in
389 957 509 1022 iuribus
549 955 757 1020 contionandi
796 954 957 1018 iudicandi
986 954 1124 1018 honores
1152 952 1283 1038 petendi
1318 953 1425 1036 iisque

324 1085 406 1148 quae
427 1063 468 1128 ad
491 1085 528 1128 ea
551 1062 766 1148 pertinebant,
789 1083 997 1147 quaecunque
1025 1083 1066 1125 ex
1087 1060 1274 1145 Sophocleis
1303 1058 1425 1124 fabulis

324 1181 459 1256 possunt
481 1170 552 1234 elici
574 1171 681 1234 omnia
702 1168 770 1234 fere
791 1169 936 1234 attulisse
957 1169 1034 1233 mihi
1056 1168 1186 1232 videor:
1202 1189 1296 1250 nune,
1318 1168 1422 1252 prius-

324 1277 484 1364 quemad
506 1277 681 1342 officiorum
704 1299 787 1362 quae
809 1276 931 1340 civibus
942 1276 1194 1342 Atheniensibus
1217 1285 1308 1339 erant
1329 1296 1424 1359 prae·

324 1384 440 1452 standa
460 1395 659 1450 transeamus
681 1384 978 1464 considerationem,
1000 1405 1103 1468 pauca
1123 1382 1199 1446 mihi
1227 1381 1427 1466 disputanda

324 1500 399 1556 sunt
420 1492 461 1556 de
475 1493 652 1576 ignominia
672 1492 727 1556 illa
741 1481 930 1580 (α’τιμίᾳ),
954 1512 1017 1575 qua
1039 1491 1093 1575 qui
1115 1499 1184 1554 erat
1205 1499 1333 1554 notatus
1353 1511 1426 1562 non

323 1598 419 1663 modo
442 1598 589 1663 omnibus
611 1597 785 1662 honoribus
808 1606 877 1662 erat
893 1607 1060 1681 exemptus
1076 1597 1131 1661 sed
1147 1598 1272 1680 saepius
1290 1597 1425 1660 omnino

324 1728 344 1771 a
363 1705 528 1792 republica
550 1705 706 1770 exclusus.
742 1705 841 1770 Cuius
863 1705 1057 1789 ignominiae
1070 1705 1154 1768 inter
1168 1725 1278 1768 omnes
1294 1713 1427 1767 constat

324 1812 423 1877 fuisse
445 1811 622 1897 complures
646 1810 765 1896 gradus
788 1833 922 1897 quorum
945 1832 1086 1876 summus
1108 1809 1277 1876 adferebat
1297 1811 1426 1894 relega-

273 2007 276 2011 .
324 1921 443 1984 tionem
459 1921 491 1984 in
514 1930 703 2006 perpetuum
718 1909 922 2003 (ἀειφυγίαν)
939 1941 1010 1984 cum
1025 1919 1181 1984 bonorum
1195 1918 1425 2003 publicatione.

325 2025 424 2092 Cuius
445 2047 568 2112 poenae
598 2047 663 2090 non
693 2028 848 2090 minorem
877 2025 977 2104 fuisse
1007 2027 1071 2089 vim
1094 2046 1190 2109 quam
1211 2027 1326 2090 summi
1347 2047 1425 2110 sup-

323 2134 410 2218 plicii
431 2153 537 2218 supra,
561 2155 632 2198 cum
655 2133 695 2198 de
716 2133 840 2198 iudiciis
863 2132 1051 2217 capitalibus
1072 2132 1150 2196 mihi
1172 2143 1241 2198 erat
1255 2131 1424 2218 disputan·

324 2239 410 2323 dum,
432 2239 532 2306 verbo
554 2241 672 2304 monui.
716 2239 766 2304 Ac
795 2239 982 2325 Sophocleis
1013 2241 1167 2324 exemplis
1200 2239 1252 2306 illo
1274 2241 1343 2305 loco
1366 2240 1425 2304 ad-

324 2347 398 2414 latis
419 2346 503 2412 addo
527 2347 588 2414 ΟΒ
608 2348 667 2412 641

473 2446 494 2540 ἢ
515 2459 573 2541 γῆς
595 2444 729 2522 οἷπῶσαι
750 2455 921 2540 πατρίδος,
943 2445 963 2538 ἢ
986 2467 1115 2520 κτεῖναι
1135 2447 1248 2536 λαβών
1269 2441 1272 2446 ’

263 2569 265 2574 ’
323 2572 356 2628 et
377 2563 439 2630 699
461 2585 509 2649 sq.

721 2669 772 2736 κεί
792 2664 855 2756 χρή
875 2695 916 2756 με
937 2673 1112 2746 παντελῶς
1133 2675 1254 2734 θανεῖν

471 2769 492 2863 ἢ
512 2782 571 2864 γῆς
600 2769 755 2862 ἄτιμον
782 2778 873 2862 τῆσδ’
895 2767 1097 2861 ἀπωσθῆναι
1116 2778 1183 2866 βία,

325 2883 442 2968 quibus
463 2885 541 2948 locis
563 2884 603 2950 de
632 2907 737 2969 poena
764 2886 871 2970 agitur
899 2883 1054 2950 sumenda
1081 2883 1123 2949 ab
1144 2882 1270 2968 Oedipo
1292 2893 1328 2948 ut
1349 2903 1423 2968 par·

323 2990 425 3057 ricida
446 3015 454 3058 :
479 2991 520 3058 cf.
544 2990 604 3058 00
626 2991 688 3058 600
708 3013 756 3077 sq.

897 3095 988 3164 ἔστιν
1009 3099 1046 3164 δέ
1065 3121 1123 3184 μοι

472 3198 575 3270 πάλιν
596 3211 777 3272 κατελθεῖν
797 3200 937 3291 μήποθ’,
960 3197 1006 3284 ὡς
1026 3199 1260 3291 πατροκτόνῳ,

325 3309 439 3396 quibus
460 3312 529 3401 ipse
551 3311 695 3398 Oedipus
717 3313 886 3400 profitetur
902 3336 937 3378 se
952 3303 1125 3398 αἐιφογῖας
1139 3335 1209 3378 esse
1224 3313 1421 3376 damnatum.

324 3417 439 3504 Neque
460 3419 564 3484 minus
586 3441 682 3505 quam
705 3421 738 3484 in
760 3421 821 3487 ΟΒ
842 3421 904 3489 670
926 3412 1046 3506 ἄτιμον
1067 3410 1269 3504 α’πωσθῆναι
1290 3420 1323 3482 in
1338 3418 1421 3484 Phil.

326 3524 406 3588 1028
437 3525 554 3591 locutio
587 3517 743 3612 ἄτιμον
773 3532 923 3608 βαλεῖν
953 3529 994 3593 ab
1025 3529 1223 3612 relegatione
1254 3528 1309 3592 illa
1340 3547 1423 3612 quae

324 3631 477 3698 manabat
506 3655 546 3698 ex
575 3623 707 3724 α’τιμλᾳ,
738 3634 858 3719 aliquid
888 3635 1015 3700 videtur
1036 3634 1185 3722 pendere.
1213 3625 1293 3713 ‘Qui
1314 3643 1422 3698 autem

325 3738 452 3825 publice
472 3739 634 3826 relegatus
657 3750 735 3819 erat,
759 3742 826 3806 eius
849 3763 966 3806 nomen
995 3743 1161 3828 praeconis
1191 3751 1270 3804 voc'e
1299 3739 1422 3804 solebat

324 3847 548 3932 pronuntiari:
571 3868 634 3932 quo
656 3857 780 3934 spectat
801 3870 866 3914 vox
887 3843 1168 3935 ἐκκηρύσσειν
1189 3868 1285 3932 quam
1299 3846 1421 3911 inveni·

324 3974 395 4018 mus
416 3954 450 4018 iu
472 3953 532 4022 00
553 3954 624 4020 430.
1179 3950 1182 3956 ’

408 4060 518 4145 Atque
540 4061 655 4147 quibus
678 4062 804 4126 delictis
826 4083 969 4126 summae
997 4063 1194 4145 ignominiae
1221 4082 1326 4146 poena
1353 4071 1423 4124 erat

326 4168 500 4253 proposita,
523 4177 614 4232 eraut
637 4189 709 4232 cum
731 4169 794 4234 alia
815 4178 883 4233 tum
903 4162 1048 4244 κάκωσις
1068 4171 1139 4234 τῶν
1159 4167 1305 4252 γονέων,
1336 4165 1422 4254 quod

327 4274 515 4340 maleficium
548 4276 581 4338 in
613 4297 648 4340 se
680 4275 872 4340 admittebat
903 4277 958 4359 qui
989 4275 1072 4340 filius
1111 4276 1231 4340 vietum
1266 4273 1421 4360 praebere
