3126 5176
645 439 698 512 '19

126 641 298 734 μητρόθεν
320 647 363 712 sit
384 646 487 728 ξένος,
509 647 647 712 civitatis
677 669 747 713 esse
777 657 941 734 expertem
960 646 1045 714 idem
1066 651 1216 734 exprimit

126 755 177 820 his
198 756 305 820 verbis
326 755 403 839 (670
423 758 508 842 sqq.)

525 863 554 929 εί
576 863 604 928 δ
624 857 829 944 ἐπεύξασθαι
849 857 968 951 χρεων,

276 970 314 1036 ἐκ
334 975 404 1037 τῶν
427 960 576 1058 Ἀθηνῶν
595 973 628 1057 μ’
651 963 671 1058 ἡ
691 973 822 1039 τεκοῦσ
843 971 893 1059 είη
912 966 1005 1058 γυνὴ,

276 1070 322 1156 ὥς
341 1101 399 1163 μοι
419 1079 552 1166 γένηται
572 1074 743 1166 μητρόθεν
763 1083 938 1167 παρρησία.

125 1211 292 1296 παρρησία
320 1213 590 1277 enimsummum
620 1221 669 1277 est
698 1213 818 1278 bonum
848 1223 881 1279 et
909 1215 1001 1300 quasi
1022 1215 1149 1298 insigne
1169 1215 1216 1278 in·

125 1340 303 1403 genuorum
319 1321 452 1384 ¹civium
490 1323 534 1403 (v.
567 1321 651 1384 infra
686 1343 716 1406 p.
738 1321 805 1406 40).
863 1323 1036 1388 Praeterea
1073 1344 1215 1388 memoro

125 1427 247 1493 Phoen.
270 1427 331 1494 336
352 1449 422 1515 sqq.
444 1429 500 1493 ubi
520 1431 664 1514 queritur
681 1429 810 1495 Iocasta
824 1431 909 1515 quod
925 1431 1093 1518 Polynices
1108 1431 1216 1517 hospi-

125 1544 194 1601 tam
215 1535 342 1602 duxerit
362 1538 395 1600 iu
416 1539 653 1604 matrimonium
712 1585 714 1589 -

326 1661 362 1728 σε
384 1662 422 1744 δ,
443 1650 472 1728 ὦ
492 1663 622 1745 τέκνον,
643 1665 699 1729 καί
719 1657 852 1750 γάμοισι
872 1657 912 1750 δὴ
932 1657 1024 1731 κλύω

325 1769 463 1855 ζυγέντα
483 1765 688 1838 παιδοποιὸν
709 1762 835 1839 ἁδονὰν

325 1878 467 1958 ξένοισιν
487 1878 525 1945 ἐν
546 1876 659 1964 δόμοις
681 1877 777 1965 ἔχειν,

324 1987 422 2067 ξένον
441 2010 479 2053 τε
500 1987 600 2074 κῆδος
621 1977 797 2074 ἀμφέπειν,

325 2084 450 2161 ἄλαστα
471 2097 572 2180 ματρί
592 2096 671 2186 τᾷδε
692 2099 758 2163 Λα-

324 2202 367 2288 ’ίῳ
388 2227 425 2269 τε
445 2207 496 2289 τῷ
515 2208 710 2289 παλαιγενεῖ

217 2288 220 2301 ¹
324 2303 440 2394 γάμων
460 2305 610 2378 ἐπακτόν
630 2303 715 2378 όίταν

127 2451 160 2505 et
193 2440 303 2527 Suppl.
335 2442 397 2508 219
419 2464 489 2529 sqq.
526 2445 640 2530 quibus
673 2445 850 2510 Adrastum
881 2447 1042 2530 vituperat
1073 2443 1216 2508 Theseus

126 2549 212 2635 quia,
234 2571 306 2614 cum
325 2549 406 2616 filias
429 2551 608 2637 hospitibus
630 2553 663 2616 in
684 2554 922 2618 matrimonium
944 2552 1045 2633 daret,
1073 2561 1216 2618 voterem

125 2657 233 2740 gentis
255 2647 444 2743 spendorem
465 2661 534 2745 ipse
556 2659 791 2744 detrectaverit,

575 2813 577 2816 -
622 2837 625 2846 ,
668 2758 713 2836 'od
734 2761 840 2852 σοφός
859 2762 994 2855 γεγῶς’

276 2865 367 2952 ὅστις
387 2869 490 2962 κόρας
510 2877 571 2964 μὲν
592 2872 778 2961 θεσφάτοις
800 2881 928 2960 Φοίβου
949 2880 1055 2965 ζυγεὶς

276 2983 420 3062 ξένοισιν
439 2966 499 3076 odd
520 2983 654 3066 ἔδωκας,
677 2977 722 3064 ὡς
743 2981 882 3070 ζώντων
901 2992 1006 3068 θεῶν,

275 3087 431 3180 λαμπρόν
452 3096 488 3161 δὲ
508 3100 645 3182 θολερῷ
666 3101 760 3182 σῶμα
782 3099 939 3182 συμμίξας
959 3090 999 3162 τὸ
1021 3089 1083 3163 σόν

275 3192 427 3285 ἥλκωσας
448 3201 577 3280 οἴκους·
598 3208 682 3289 χρῆν
702 3197 765 3290 γὰρ
786 3195 865 3270 οὔτε
886 3198 1023 3289 σοόματα

275 3298 372 3374 ἄδικα
393 3309 532 3387 δικαίοις
552 3304 615 3376 τὸν
636 3304 746 3394 σοφόν
766 3305 991 3396 ξυμμιγνόναι,

275 3403 555 3499 εὐδαιμονοῦντας
577 3417 605 3482 δ
626 3415 661 3494 ἐς
682 3411 805 3502 δόμους
825 3422 971 3484 κτᾶσθαι
993 3418 1119 3501 φίλους.

209 3545 318 3631 Atque
349 3547 503 3612 eiusmodi
533 3569 658 3614 morum
689 3549 934 3615 Atheniensium
965 3549 1215 3635 significationes

126 3671 209 3736 quae
230 3662 300 3718 tam
316 3663 427 3740 aperte
448 3665 480 3721 et
501 3657 569 3722 sine
582 3656 656 3721 ullis
671 3656 862 3742 ambagibus
876 3657 1004 3724 fabulae
1018 3658 1217 3723 sermonibus

124 3759 363 3827 immisceantur
384 3763 516 3848 perinde
537 3786 574 3829 ac
606 3764 634 3829 si
664 3787 715 3830 res
742 3766 776 3829 in
805 3765 915 3831 fabula
942 3775 1033 3831 actae
1055 3765 1096 3830 ad
1117 3766 1216 3852 ipsius

124 3875 242 3954 potitae
262 3879 402 3936 aetatem
422 3867 621 3958 pertineant,
651 3874 733 3938 siout
754 3873 946 3960 Euripidese
973 3875 1052 3940 artis
1073 3874 1219 3960 proprias

125 3977 173 4041 ite
193 4000 214 4042 a
233 3977 412 4063 Sophoclea
434 4001 562 4064 prorsus
584 3980 704 4046 alienas
726 4003 797 4046 esse
824 3983 894 4067 quis
923 3991 971 4046 est
993 3982 1048 4068 qui
1068 3981 1218 4046 nesciat?

125 4083 241 4171 Neque
262 4094 370 4152 tamen
391 4087 477 4172 apud
498 4087 690 4172 Sophoclem
711 4088 827 4154 desunt
848 4089 990 4154 eiusdem
1011 4090 1058 4154 rei
1081 4089 1220 4173 vestigia

127 4213 211 4278 quse
231 4197 411 4260 accuratius
432 4198 591 4282 persecuti
613 4196 748 4262 eandem
769 4197 857 4261 illam
879 4195 919 4260 de
932 4198 1136 4262 matrimonio
1153 4217 1219 4260 non

126 4300 271 4385 legitimo
286 4311 320 4367 et
341 4302 382 4368 de
397 4305 578 4388 spuriorum
591 4303 719 4391 publica
739 4303 925 4370 condicione
946 4305 1126 4370 invenimus
1146 4325 1217 4368 sen-

971 4421 1021 4486 2·
