<?xml version="1.0" encoding="UTF-8"?>
<!DOCTYPE html PUBLIC "-//W3C//DTD XHTML 1.0 Transitional//EN"
    "http://www.w3.org/TR/xhtml1/DTD/xhtml1-transitional.dtd">
<html xmlns="http://www.w3.org/1999/xhtml" xml:lang="en" lang="en">
 <head>
  <title>
</title>
<meta http-equiv="Content-Type" content="text/html;charset=utf-8" />
  <meta name='ocr-system' content='tesseract 3.04.00' />
  <meta name='ocr-capabilities' content='ocr_page ocr_carea ocr_par ocr_line ocrx_word'/>
</head>
<body>
  <div class='ocr_page' id='page_1' title='image "./sophoclesquemad00beckgoog_0073.png"; bbox 0 0 3126 5176; ppageno 0'>
   <div class='ocr_carea' id='block_1_1' title="bbox 851 453 892 520">
    <p class='ocr_par' dir='ltr' id='par_1_1' title="bbox 851 453 892 520">
     <span class='ocr_line' id='line_1_1' title="bbox 851 453 892 520; baseline 0 0"><span class='ocrx_word' id='word_1_1' title='bbox 851 453 892 520; x_wconf 83' lang='grc'><strong>66</strong></span> 
     </span>
    </p>
   </div>
   <div class='ocr_carea' id='block_1_2' title="bbox 232 656 1479 4177">
    <p class='ocr_par' dir='ltr' id='par_1_2' title="bbox 321 656 1418 834">
     <span class='ocr_line' id='line_1_2' title="bbox 321 656 1418 741; baseline -0.005 -15"><span class='ocrx_word' id='word_1_2' title='bbox 321 663 400 727; x_wconf 83' lang='lat' dir='ltr'><strong>Ant.</strong></span> <span class='ocrx_word' id='word_1_3' title='bbox 422 668 530 724; x_wconf 82' lang='lat' dir='ltr'><strong>sutem</strong></span> <span class='ocrx_word' id='word_1_4' title='bbox 551 659 612 723; x_wconf 73' lang='lat'><strong>266</strong></span> <span class='ocrx_word' id='word_1_5' title='bbox 635 667 741 722; x_wconf 85' lang='lat' dir='ltr'><strong>custos</strong></span> <span class='ocrx_word' id='word_1_6' title='bbox 765 656 841 722; x_wconf 87' lang='lat' dir='ltr'><strong>dicit</strong></span> <span class='ocrx_word' id='word_1_7' title='bbox 862 659 1004 741; x_wconf 85' lang='lat' dir='ltr'><strong>potuisse</strong></span> <span class='ocrx_word' id='word_1_8' title='bbox 1025 678 1060 721; x_wconf 89' lang='lat' dir='ltr'><strong>se</strong></span> <span class='ocrx_word' id='word_1_9' title='bbox 1075 675 1213 740; x_wconf 87' lang='lat' dir='ltr'><strong>suosque</strong></span> <span class='ocrx_word' id='word_1_10' title='bbox 1228 656 1330 720; x_wconf 85' lang='lat' dir='ltr'><strong>socios</strong></span> <span class='ocrx_word' id='word_1_11' title='bbox 1344 657 1418 720; x_wconf 82' lang='lat' dir='ltr'><strong>iure</strong></span> 
     </span>
     <span class='ocr_line' id='line_1_3' title="bbox 321 766 647 834; baseline -0.006 -2"><span class='ocrx_word' id='word_1_12' title='bbox 321 767 456 834; x_wconf 82' lang='lat' dir='ltr'><strong>iurando</strong></span> <span class='ocrx_word' id='word_1_13' title='bbox 478 766 647 831; x_wconf 81' lang='lat' dir='ltr'><strong>adfirmare</strong></span> 
     </span>
    </p>

    <p class='ocr_par' dir='ltr' id='par_1_3' title="bbox 468 865 1129 958">
     <span class='ocr_line' id='line_1_4' title="bbox 468 865 1129 958; baseline -0.008 -18"><span class='ocrx_word' id='word_1_14' title='bbox 468 867 508 940; x_wconf 84' lang='grc' dir='ltr'><strong>τὸ</strong></span> <span class='ocrx_word' id='word_1_15' title='bbox 529 867 611 958; x_wconf 78' lang='grc' dir='ltr'><strong><em>μήτε</em></strong></span> <span class='ocrx_word' id='word_1_16' title='bbox 634 873 750 958; x_wconf 83' lang='grc' dir='ltr'><strong><em>δρᾶσαι</em></strong></span> <span class='ocrx_word' id='word_1_17' title='bbox 770 865 852 956; x_wconf 73' lang='grc' dir='ltr'><strong><em>μήτε</em></strong></span> <span class='ocrx_word' id='word_1_18' title='bbox 874 895 925 957; x_wconf 83' lang='grc' dir='ltr'><strong>τῳ</strong></span> <span class='ocrx_word' id='word_1_19' title='bbox 946 870 1129 954; x_wconf 66' lang='grc' dir='ltr'><strong><em>ξυνειδέναι</em></strong></span> 
     </span>
    </p>

    <p class='ocr_par' dir='ltr' id='par_1_4' title="bbox 319 971 1419 1496">
     <span class='ocr_line' id='line_1_5' title="bbox 468 971 1371 1066; baseline -0.006 -19"><span class='ocrx_word' id='word_1_20' title='bbox 468 975 508 1047; x_wconf 82' lang='grc' dir='ltr'><strong>τό</strong></span> <span class='ocrx_word' id='word_1_21' title='bbox 531 985 667 1066; x_wconf 71' lang='grc' dir='ltr'><strong><em>πρᾶγμα</em></strong></span> <span class='ocrx_word' id='word_1_22' title='bbox 688 972 981 1060; x_wconf 73' lang='grc' dir='ltr'><strong><em>βουλεόσαντι</em></strong></span> <span class='ocrx_word' id='word_1_23' title='bbox 1001 971 1076 1063; x_wconf 79' lang='grc' dir='ltr'><strong><em>μήτ’</em></strong></span> <span class='ocrx_word' id='word_1_24' title='bbox 1099 976 1371 1062; x_wconf 77' lang='grc' dir='ltr'><strong><em>εἰργασμένῳ</em></strong></span> 
     </span>
     <span class='ocr_line' id='line_1_6' title="bbox 320 1069 1419 1177; baseline -0.005 -22"><span class='ocrx_word' id='word_1_25' title='bbox 320 1090 509 1177; x_wconf 76' lang='lat' dir='ltr'><strong>quibuscum</strong></span> <span class='ocrx_word' id='word_1_26' title='bbox 540 1089 579 1152; x_wconf 87' lang='lat' dir='ltr'><strong>cf.</strong></span> <span class='ocrx_word' id='word_1_27' title='bbox 603 1087 738 1170; x_wconf 89' lang='lat' dir='ltr'><strong>Antiph.</strong></span> <span class='ocrx_word' id='word_1_28' title='bbox 761 1086 801 1152; x_wconf 89' lang='lat' dir='ltr'><strong>de</strong></span> <span class='ocrx_word' id='word_1_29' title='bbox 830 1085 915 1150; x_wconf 88' lang='lat' dir='ltr'><strong>chor.</strong></span> <span class='ocrx_word' id='word_1_30' title='bbox 942 1086 980 1150; x_wconf 89' lang='lat'><strong>16</strong></span> <span class='ocrx_word' id='word_1_31' title='bbox 1008 1079 1219 1170; x_wconf 80' lang='grc' dir='ltr'><strong><em>διωμόσαντο</em></strong></span> <span class='ocrx_word' id='word_1_32' title='bbox 1251 1084 1286 1150; x_wconf 79' lang='grc' dir='ltr'><strong>δὲ</strong></span> <span class='ocrx_word' id='word_1_33' title='bbox 1318 1069 1419 1151; x_wconf 83' lang='grc' dir='ltr'><strong><em>οὗτοι</em></strong></span> 
     </span>
     <span class='ocr_line' id='line_1_7' title="bbox 319 1185 1418 1284; baseline -0.008 -20"><span class='ocrx_word' id='word_1_34' title='bbox 319 1199 380 1284; x_wconf 76' lang='grc' dir='ltr'><strong>μὲν</strong></span> <span class='ocrx_word' id='word_1_35' title='bbox 401 1186 599 1263; x_wconf 78' lang='grc' dir='ltr'><strong><em>όαοιιτεῑναί</em></strong></span> <span class='ocrx_word' id='word_1_36' title='bbox 626 1219 666 1280; x_wconf 83' lang='grc' dir='ltr'><strong>με</strong></span> <span class='ocrx_word' id='word_1_37' title='bbox 697 1189 863 1260; x_wconf 86' lang='grc' dir='ltr'><strong><em>Διόδοτον</em></strong></span> <span class='ocrx_word' id='word_1_38' title='bbox 893 1187 1122 1274; x_wconf 79' lang='grc' dir='ltr'><strong><em>βουλεύσαντα</em></strong></span> <span class='ocrx_word' id='word_1_39' title='bbox 1153 1185 1215 1258; x_wconf 84' lang='grc' dir='ltr'><strong>τὸν</strong></span> <span class='ocrx_word' id='word_1_40' title='bbox 1249 1185 1418 1272; x_wconf 76' lang='grc' dir='ltr'><strong><em>θάνατον,</em></strong></span> 
     </span>
     <span class='ocr_line' id='line_1_8' title="bbox 319 1293 1419 1392; baseline -0.008 -21"><span class='ocrx_word' id='word_1_41' title='bbox 319 1299 385 1392; x_wconf 77' lang='grc' dir='ltr'><strong>ἐγὼ</strong></span> <span class='ocrx_word' id='word_1_42' title='bbox 398 1305 435 1370; x_wconf 74' lang='grc' dir='ltr'><strong>δὲ</strong></span> <span class='ocrx_word' id='word_1_43' title='bbox 449 1297 493 1390; x_wconf 80' lang='grc' dir='ltr'><strong>μὴ</strong></span> <span class='ocrx_word' id='word_1_44' title='bbox 507 1293 704 1369; x_wconf 76' lang='grc' dir='ltr'><strong><em>ἀποκτεῖναι</em></strong></span> <span class='ocrx_word' id='word_1_45' title='bbox 724 1296 826 1387; x_wconf 79' lang='grc' dir='ltr'><strong><em>μήτε</em></strong></span> <span class='ocrx_word' id='word_1_46' title='bbox 847 1302 958 1386; x_wconf 83' lang='grc' dir='ltr'><strong><em>χειρὶ</em></strong></span> <span class='ocrx_word' id='word_1_47' title='bbox 980 1294 1419 1384; x_wconf 70' lang='grc' dir='ltr'><strong><em>ἐργασόμενος(1)οοι.;</em></strong></span> 
     </span>
     <span class='ocr_line' id='line_1_9' title="bbox 320 1402 1001 1496; baseline -0.007 -18"><span class='ocrx_word' id='word_1_48' title='bbox 320 1412 411 1479; x_wconf 83' lang='lat' dir='ltr'><strong>codd.</strong></span> <span class='ocrx_word' id='word_1_49' title='bbox 433 1402 612 1496; x_wconf 76' lang='grc' dir='ltr'><strong><em>ἀράμενος)</em></strong></span> <span class='ocrx_word' id='word_1_50' title='bbox 632 1403 734 1494; x_wconf 83' lang='grc' dir='ltr'><strong><em>μήτε</em></strong></span> <span class='ocrx_word' id='word_1_51' title='bbox 755 1402 1001 1490; x_wconf 79' lang='grc' dir='ltr'><strong><em>βουλεύσας.</em></strong></span> 
     </span>
    </p>

    <p class='ocr_par' dir='ltr' id='par_1_5' title="bbox 234 1514 1479 2364">
     <span class='ocr_line' id='line_1_10' title="bbox 402 1514 1479 1605; baseline -0.006 -21"><span class='ocrx_word' id='word_1_52' title='bbox 402 1521 511 1605; x_wconf 84' lang='lat' dir='ltr'><strong>Atque</strong></span> <span class='ocrx_word' id='word_1_53' title='bbox 545 1519 660 1582; x_wconf 84' lang='lat' dir='ltr'><strong>summi</strong></span> <span class='ocrx_word' id='word_1_54' title='bbox 696 1517 842 1602; x_wconf 84' lang='lat' dir='ltr'><strong>supplicii</strong></span> <span class='ocrx_word' id='word_1_55' title='bbox 876 1517 940 1580; x_wconf 83' lang='lat' dir='ltr'><strong>triu</strong></span> <span class='ocrx_word' id='word_1_56' title='bbox 975 1524 1065 1580; x_wconf 81' lang='lat' dir='ltr'><strong>erant</strong></span> <span class='ocrx_word' id='word_1_57' title='bbox 1103 1535 1223 1598; x_wconf 80' lang='lat' dir='ltr'><strong>genero</strong></span> <span class='ocrx_word' id='word_1_58' title='bbox 1258 1530 1340 1598; x_wconf 77' lang='lat' dir='ltr'><strong>quse</strong></span> <span class='ocrx_word' id='word_1_59' title='bbox 1378 1514 1420 1578; x_wconf 91' lang='lat' dir='ltr'><strong>in</strong></span> <span class='ocrx_word' id='word_1_60' title='bbox 1475 1583 1479 1589; x_wconf 68' lang='grc'><strong><em>,</em></strong></span> 
     </span>
     <span class='ocr_line' id='line_1_11' title="bbox 319 1621 1421 1713; baseline -0.007 -21"><span class='ocrx_word' id='word_1_61' title='bbox 319 1627 523 1713; x_wconf 78' lang='lat' dir='ltr'><strong>proverbium</strong></span> <span class='ocrx_word' id='word_1_62' title='bbox 552 1625 653 1690; x_wconf 80' lang='lat' dir='ltr'><strong>abiise</strong></span> <span class='ocrx_word' id='word_1_63' title='bbox 682 1631 810 1710; x_wconf 82' lang='lat' dir='ltr'><strong>praeter</strong></span> <span class='ocrx_word' id='word_1_64' title='bbox 840 1623 961 1689; x_wconf 82' lang='lat' dir='ltr'><strong>Suidce</strong></span> <span class='ocrx_word' id='word_1_65' title='bbox 989 1632 1021 1686; x_wconf 90' lang='lat' dir='ltr'><strong>et</strong></span> <span class='ocrx_word' id='word_1_66' title='bbox 1055 1621 1421 1706; x_wconf 81' lang='lat' dir='ltr'><strong>paroemiogruphorum</strong></span> 
     </span>
     <span class='ocr_line' id='line_1_12' title="bbox 318 1726 1420 1821; baseline -0.006 -20"><span class='ocrx_word' id='word_1_67' title='bbox 318 1730 361 1801; x_wconf 80' lang='grc' dir='ltr'><strong>τὰ</strong></span> <span class='ocrx_word' id='word_1_68' title='bbox 400 1737 476 1821; x_wconf 84' lang='grc' dir='ltr'><strong><em>τρία</em></strong></span> <span class='ocrx_word' id='word_1_69' title='bbox 512 1738 583 1800; x_wconf 82' lang='grc' dir='ltr'><strong>τῶν</strong></span> <span class='ocrx_word' id='word_1_70' title='bbox 614 1733 661 1810; x_wconf 81' lang='grc' dir='ltr'><strong>εἰς</strong></span> <span class='ocrx_word' id='word_1_71' title='bbox 692 1726 865 1814; x_wconf 74' lang='grc' dir='ltr'><strong><em>θάνατον,</em></strong></span> <span class='ocrx_word' id='word_1_72' title='bbox 898 1741 1034 1796; x_wconf 83' lang='lat' dir='ltr'><strong>testatur</strong></span> <span class='ocrx_word' id='word_1_73' title='bbox 1070 1730 1246 1815; x_wconf 78' lang='lat' dir='ltr'><strong>Sophocles</strong></span> <span class='ocrx_word' id='word_1_74' title='bbox 1280 1729 1319 1794; x_wconf 83' lang='lat' dir='ltr'><strong>fr.</strong></span> <span class='ocrx_word' id='word_1_75' title='bbox 1352 1729 1420 1794; x_wconf 76' lang='lat' dir='ltr'><strong>too</strong></span> 
     </span>
     <span class='ocr_line' id='line_1_13' title="bbox 318 1835 1419 1927; baseline -0.009 -17"><span class='ocrx_word' id='word_1_76' title='bbox 318 1837 410 1910; x_wconf 72' lang='lat' dir='ltr'><strong>triow</strong></span> <span class='ocrx_word' id='word_1_77' title='bbox 429 1835 511 1927; x_wconf 81' lang='grc' dir='ltr'><strong><em>γὰρ,</em></strong></span> <span class='ocrx_word' id='word_1_78' title='bbox 540 1839 569 1906; x_wconf 82' lang='lat' dir='ltr'><strong>st</strong></span> <span class='ocrx_word' id='word_1_79' title='bbox 598 1842 654 1906; x_wconf 81' lang='grc' dir='ltr'><strong>καὶ</strong></span> <span class='ocrx_word' id='word_1_80' title='bbox 683 1845 769 1905; x_wconf 84' lang='grc' dir='ltr'><strong>τῶν</strong></span> <span class='ocrx_word' id='word_1_81' title='bbox 796 1844 930 1924; x_wconf 82' lang='grc' dir='ltr'><strong><em>τριῶν</em></strong></span> <span class='ocrx_word' id='word_1_82' title='bbox 959 1837 996 1904; x_wconf 74' lang='grc' dir='ltr'><strong>ἓν</strong></span> <span class='ocrx_word' id='word_1_83' title='bbox 1018 1837 1159 1922; x_wconf 73' lang='grc' dir='ltr'><strong><em>οἴσομαι,</em></strong></span> <span class='ocrx_word' id='word_1_84' title='bbox 1181 1858 1244 1923; x_wconf 91' lang='lat' dir='ltr'><strong>quo</strong></span> <span class='ocrx_word' id='word_1_85' title='bbox 1266 1837 1419 1922; x_wconf 84' lang='lat' dir='ltr'><strong>exemplo</strong></span> 
     </span>
     <span class='ocr_line' id='line_1_14' title="bbox 319 1935 1420 2032; baseline -0.005 -17"><span class='ocrx_word' id='word_1_86' title='bbox 319 1950 490 2016; x_wconf 70' lang='lat' dir='ltr'><strong>scholiasta</strong></span> <span class='ocrx_word' id='word_1_87' title='bbox 517 1949 560 2014; x_wconf 80' lang='lat' dir='ltr'><strong>ad</strong></span> <span class='ocrx_word' id='word_1_88' title='bbox 590 1947 682 2012; x_wconf 91' lang='lat' dir='ltr'><strong>Pind.</strong></span> <span class='ocrx_word' id='word_1_89' title='bbox 717 1947 846 2032; x_wconf 86' lang='lat' dir='ltr'><strong>Olymp.</strong></span> <span class='ocrx_word' id='word_1_90' title='bbox 882 1951 906 2027; x_wconf 88' lang='grc'><strong>1,</strong></span> <span class='ocrx_word' id='word_1_91' title='bbox 937 1947 976 2012; x_wconf 81' lang='grc'><strong>97</strong></span> <span class='ocrx_word' id='word_1_92' title='bbox 1006 1945 1113 2010; x_wconf 78' lang='lat' dir='ltr'><strong>studet</strong></span> <span class='ocrx_word' id='word_1_93' title='bbox 1142 1945 1326 2028; x_wconf 78' lang='lat' dir='ltr'><strong>inlustrare,</strong></span> <span class='ocrx_word' id='word_1_94' title='bbox 1360 1935 1420 2010; x_wconf 84' lang='grc' dir='ltr'><strong>ότι</strong></span> 
     </span>
     <span class='ocr_line' id='line_1_15' title="bbox 314 2037 1419 2144; baseline -0.009 -18"><span class='ocrx_word' id='word_1_95' title='bbox 314 2059 394 2144; x_wconf 84' lang='grc' dir='ltr'><strong><em>,τρία</em></strong></span> <span class='ocrx_word' id='word_1_96' title='bbox 427 2050 557 2141; x_wconf 61' lang='grc' dir='ltr'><strong><em>λόγισαι</em></strong></span> <span class='ocrx_word' id='word_1_97' title='bbox 588 2037 710 2132; x_wconf 68' lang='grc' dir='ltr'><strong><em>κοινῶς</em></strong></span> <span class='ocrx_word' id='word_1_98' title='bbox 746 2057 801 2120; x_wconf 83' lang='grc' dir='ltr'><strong>καὶ</strong></span> <span class='ocrx_word' id='word_1_99' title='bbox 836 2048 878 2138; x_wconf 75' lang='grc' dir='ltr'><strong>ιὰ</strong></span> <span class='ocrx_word' id='word_1_100' title='bbox 906 2047 991 2138; x_wconf 80' lang='grc' dir='ltr'><strong><em>πρὸς</em></strong></span> <span class='ocrx_word' id='word_1_101' title='bbox 1023 2046 1086 2118; x_wconf 85' lang='grc' dir='ltr'><strong>τὸν</strong></span> <span class='ocrx_word' id='word_1_102' title='bbox 1117 2047 1271 2130; x_wconf 78' lang='grc' dir='ltr'><strong><em>θάνατον</em></strong></span> <span class='ocrx_word' id='word_1_103' title='bbox 1301 2069 1419 2138; x_wconf 83' lang='grc' dir='ltr'><strong><em>συνερ-</em></strong></span> 
     </span>
     <span class='ocr_line' id='line_1_16' title="bbox 318 2153 1419 2250; baseline -0.006 -19"><span class='ocrx_word' id='word_1_104' title='bbox 318 2170 460 2250; x_wconf 82' lang='grc' dir='ltr'><strong><em>γοῦντα,</em></strong></span> <span class='ocrx_word' id='word_1_105' title='bbox 489 2165 613 2245; x_wconf 60' lang='grc' dir='ltr'><strong><em>ξίφος,</em></strong></span> <span class='ocrx_word' id='word_1_106' title='bbox 632 2153 772 2248; x_wconf 77' lang='grc' dir='ltr'><strong><em>οἷγχόνη,</em></strong></span> <span class='ocrx_word' id='word_1_107' title='bbox 805 2155 949 2248; x_wconf 79' lang='grc' dir='ltr'><strong><em>κρημνός</em></strong></span> <span class='ocrx_word' id='word_1_108' title='bbox 958 2161 1011 2244; x_wconf 81' lang='lat'><strong>⁴²).</strong></span> <span class='ocrx_word' id='word_1_109' title='bbox 1065 2160 1117 2224; x_wconf 84' lang='lat' dir='ltr'><strong>Ex</strong></span> <span class='ocrx_word' id='word_1_110' title='bbox 1149 2159 1264 2246; x_wconf 87' lang='lat' dir='ltr'><strong>quibus</strong></span> <span class='ocrx_word' id='word_1_111' title='bbox 1292 2161 1419 2244; x_wconf 77' lang='lat' dir='ltr'><strong>gravis·</strong></span> 
     </span>
     <span class='ocr_line' id='line_1_17' title="bbox 234 2268 1419 2364; baseline -0.005 -28"><span class='ocrx_word' id='word_1_112' title='bbox 234 2358 237 2364; x_wconf 23' lang='grc'><strong><em>,</em></strong></span> <span class='ocrx_word' id='word_1_113' title='bbox 320 2273 434 2336; x_wconf 89' lang='lat' dir='ltr'><strong>simum</strong></span> <span class='ocrx_word' id='word_1_114' title='bbox 465 2281 534 2335; x_wconf 81' lang='lat' dir='ltr'><strong>erat</strong></span> <span class='ocrx_word' id='word_1_115' title='bbox 561 2270 787 2355; x_wconf 83' lang='lat' dir='ltr'><strong>suspendium,</strong></span> <span class='ocrx_word' id='word_1_116' title='bbox 818 2269 851 2332; x_wconf 93' lang='lat' dir='ltr'><strong>id</strong></span> <span class='ocrx_word' id='word_1_117' title='bbox 884 2268 969 2354; x_wconf 91' lang='lat' dir='ltr'><strong>quod</strong></span> <span class='ocrx_word' id='word_1_118' title='bbox 1001 2268 1201 2352; x_wconf 80' lang='lat' dir='ltr'><strong>significatur</strong></span> <span class='ocrx_word' id='word_1_119' title='bbox 1232 2289 1304 2330; x_wconf 88' lang='lat' dir='ltr'><strong>cum</strong></span> <span class='ocrx_word' id='word_1_120' title='bbox 1335 2287 1419 2334; x_wconf 85' lang='lat' dir='ltr'><strong>non-</strong></span> 
     </span>
    </p>

    <p class='ocr_par' dir='ltr' id='par_1_6' title="bbox 287 2373 1419 3108">
     <span class='ocr_line' id='line_1_18' title="bbox 319 2373 1419 2462; baseline -0.004 -20"><span class='ocrx_word' id='word_1_121' title='bbox 319 2379 413 2442; x_wconf 85' lang='lat' dir='ltr'><strong>nullis</strong></span> <span class='ocrx_word' id='word_1_122' title='bbox 442 2379 520 2442; x_wconf 82' lang='lat' dir='ltr'><strong>locis</strong></span> <span class='ocrx_word' id='word_1_123' title='bbox 543 2377 724 2462; x_wconf 79' lang='lat' dir='ltr'><strong>Euripidsis</strong></span> <span class='ocrx_word' id='word_1_124' title='bbox 754 2387 822 2442; x_wconf 90' lang='lat' dir='ltr'><strong>tum</strong></span> <span class='ocrx_word' id='word_1_125' title='bbox 850 2375 948 2461; x_wconf 81' lang='lat' dir='ltr'><strong>Soph.</strong></span> <span class='ocrx_word' id='word_1_126' title='bbox 973 2375 1151 2456; x_wconf 78' lang='lat' dir='ltr'>0R1374,</span> <span class='ocrx_word' id='word_1_127' title='bbox 1186 2374 1241 2437; x_wconf 92' lang='lat' dir='ltr'><strong>ubi</strong></span> <span class='ocrx_word' id='word_1_128' title='bbox 1269 2373 1419 2458; x_wconf 82' lang='lat' dir='ltr'><strong>Oedipus</strong></span> 
     </span>
     <span class='ocr_line' id='line_1_19' title="bbox 319 2468 1419 2570; baseline -0.005 -20"><span class='ocrx_word' id='word_1_129' title='bbox 319 2487 397 2550; x_wconf 86' lang='lat' dir='ltr'><strong>dicit</strong></span> <span class='ocrx_word' id='word_1_130' title='bbox 417 2485 561 2550; x_wconf 80' lang='lat' dir='ltr'><strong>facinore</strong></span> <span class='ocrx_word' id='word_1_131' title='bbox 583 2507 664 2570; x_wconf 80' lang='lat' dir='ltr'><strong>quae</strong></span> <span class='ocrx_word' id='word_1_132' title='bbox 686 2487 719 2548; x_wconf 90' lang='lat' dir='ltr'><strong>in</strong></span> <span class='ocrx_word' id='word_1_133' title='bbox 735 2468 898 2569; x_wconf 75' lang='lat' dir='ltr'><strong>¹pcrontes</strong></span> <span class='ocrx_word' id='word_1_134' title='bbox 929 2483 1124 2547; x_wconf 85' lang='lat' dir='ltr'><strong>commiserit</strong></span> <span class='ocrx_word' id='word_1_135' title='bbox 1154 2503 1224 2546; x_wconf 85' lang='lat' dir='ltr'><strong>esse</strong></span> <span class='ocrx_word' id='word_1_136' title='bbox 1251 2481 1419 2566; x_wconf 75' lang='grc' dir='ltr'><strong><em>κρείσσον’</em></strong></span> 
     </span>
     <span class='ocr_line' id='line_1_20' title="bbox 319 2583 1419 2686; baseline -0.007 -26"><span class='ocrx_word' id='word_1_137' title='bbox 319 2583 460 2679; x_wconf 81' lang='grc' dir='ltr'><strong><em>όγχόνης</em></strong></span> <span class='ocrx_word' id='word_1_138' title='bbox 481 2593 694 2686; x_wconf 76' lang='grc' dir='ltr'><strong><em>εἰργασμένα,</em></strong></span> <span class='ocrx_word' id='word_1_139' title='bbox 723 2594 742 2656; x_wconf 93' lang='lat' dir='ltr'><strong>i.</strong></span> <span class='ocrx_word' id='word_1_140' title='bbox 766 2608 792 2656; x_wconf 84' lang='lat' dir='ltr'><strong>e.</strong></span> <span class='ocrx_word' id='word_1_141' title='bbox 816 2603 883 2656; x_wconf 78' lang='lat' dir='ltr'><strong>tam</strong></span> <span class='ocrx_word' id='word_1_142' title='bbox 903 2593 1026 2656; x_wconf 82' lang='lat' dir='ltr'><strong>atrocia</strong></span> <span class='ocrx_word' id='word_1_143' title='bbox 1054 2599 1087 2654; x_wconf 85' lang='lat' dir='ltr'><strong>ct</strong></span> <span class='ocrx_word' id='word_1_144' title='bbox 1115 2589 1283 2671; x_wconf 81' lang='lat' dir='ltr'><strong>inaudita,&#39;</strong></span> <span class='ocrx_word' id='word_1_145' title='bbox 1308 2598 1344 2652; x_wconf 87' lang='lat' dir='ltr'><strong>ut</strong></span> <span class='ocrx_word' id='word_1_146' title='bbox 1371 2607 1419 2653; x_wconf 90' lang='lat' dir='ltr'><strong>ne</strong></span> 
     </span>
     <span class='ocr_line' id='line_1_21' title="bbox 319 2696 1415 2787; baseline -0.005 -21"><span class='ocrx_word' id='word_1_147' title='bbox 319 2703 510 2786; x_wconf 85' lang='lat' dir='ltr'><strong>grcvissimo</strong></span> <span class='ocrx_word' id='word_1_148' title='bbox 555 2701 684 2787; x_wconf 89' lang='lat' dir='ltr'><strong>quidem</strong></span> <span class='ocrx_word' id='word_1_149' title='bbox 727 2700 881 2786; x_wconf 86' lang='lat' dir='ltr'><strong>supplicio</strong></span> <span class='ocrx_word' id='word_1_150' title='bbox 924 2699 1046 2784; x_wconf 83' lang='lat' dir='ltr'><strong>expiari</strong></span> <span class='ocrx_word' id='word_1_151' title='bbox 1097 2719 1192 2784; x_wconf 88' lang='lat' dir='ltr'><strong>posse</strong></span> <span class='ocrx_word' id='word_1_152' title='bbox 1233 2696 1415 2760; x_wconf 75' lang='lat' dir='ltr'><strong>videantur.</strong></span> 
     </span>
     <span class='ocr_line' id='line_1_22' title="bbox 318 2802 1415 2890; baseline -0.008 -15"><span class='ocrx_word' id='word_1_153' title='bbox 318 2809 534 2876; x_wconf 67' lang='lat' dir='ltr'><strong>sumebantur</strong></span> <span class='ocrx_word' id='word_1_154' title='bbox 566 2819 672 2872; x_wconf 83' lang='lat' dir='ltr'><strong>cutem</strong></span> <span class='ocrx_word' id='word_1_155' title='bbox 706 2807 748 2871; x_wconf 79' lang='lat' dir='ltr'><strong>ab</strong></span> <span class='ocrx_word' id='word_1_156' title='bbox 781 2807 948 2874; x_wconf 88' lang='lat' dir='ltr'><strong>homicidis</strong></span> <span class='ocrx_word' id='word_1_157' title='bbox 978 2805 1133 2890; x_wconf 81' lang='lat' dir='ltr'><strong>supplicia</strong></span> <span class='ocrx_word' id='word_1_158' title='bbox 1159 2826 1216 2888; x_wconf 88' lang='lat' dir='ltr'><strong>per</strong></span> <span class='ocrx_word' id='word_1_159' title='bbox 1239 2802 1415 2884; x_wconf 81' lang='lat' dir='ltr'><strong>carnifices,</strong></span> 
     </span>
     <span class='ocr_line' id='line_1_23' title="bbox 287 2912 1415 3002; baseline -0.005 -22"><span class='ocrx_word' id='word_1_160' title='bbox 287 2951 290 2956; x_wconf 93' lang='lat'><em>·</em></span> <span class='ocrx_word' id='word_1_161' title='bbox 318 2915 433 3002; x_wconf 89' lang='lat' dir='ltr'><strong>quibus</strong></span> <span class='ocrx_word' id='word_1_162' title='bbox 461 2914 656 2979; x_wconf 85' lang='lat' dir='ltr'><strong>XIvirorum</strong></span> <span class='ocrx_word' id='word_1_163' title='bbox 685 2913 922 2998; x_wconf 82' lang='lat' dir='ltr'><strong>apparitoribus</strong></span> <span class='ocrx_word' id='word_1_164' title='bbox 950 2912 1087 2995; x_wconf 84' lang='lat' dir='ltr'><strong>Athenis</strong></span> <span class='ocrx_word' id='word_1_165' title='bbox 1115 2913 1268 2978; x_wconf 83' lang='lat' dir='ltr'><strong>sollemne</strong></span> <span class='ocrx_word' id='word_1_166' title='bbox 1295 2931 1415 2974; x_wconf 88' lang='lat' dir='ltr'><strong>nomen</strong></span> 
     </span>
     <span class='ocr_line' id='line_1_24' title="bbox 319 3006 1232 3108; baseline -0.007 -20"><span class='ocrx_word' id='word_1_167' title='bbox 319 3033 388 3088; x_wconf 84' lang='lat' dir='ltr'><strong>eret</strong></span> <span class='ocrx_word' id='word_1_168' title='bbox 411 3006 521 3108; x_wconf 84' lang='grc' dir='ltr'><strong><em>δήμιοι</em></strong></span> <span class='ocrx_word' id='word_1_169' title='bbox 542 3023 593 3086; x_wconf 89' lang='lat' dir='ltr'><strong>vol</strong></span> <span class='ocrx_word' id='word_1_170' title='bbox 615 3015 810 3106; x_wconf 84' lang='grc' dir='ltr'><strong><em>δημόκοινοι</em></strong></span> <span class='ocrx_word' id='word_1_171' title='bbox 835 3044 842 3084; x_wconf 82' lang='grc' dir='ltr'><strong><em>ι</em></strong></span> <span class='ocrx_word' id='word_1_172' title='bbox 866 3021 950 3104; x_wconf 89' lang='lat' dir='ltr'><strong>quod</strong></span> <span class='ocrx_word' id='word_1_173' title='bbox 971 3042 1087 3084; x_wconf 86' lang='lat' dir='ltr'><strong>munus</strong></span> <span class='ocrx_word' id='word_1_174' title='bbox 1109 3019 1147 3084; x_wconf 86' lang='lat' dir='ltr'><strong>ir.</strong></span> <span class='ocrx_word' id='word_1_175' title='bbox 1171 3019 1232 3083; x_wconf 77' lang='lat'><strong>869</strong></span> 
     </span>
    </p>

    <p class='ocr_par' dir='ltr' id='par_1_7' title="bbox 318 3119 1260 3322">
     <span class='ocr_line' id='line_1_25' title="bbox 468 3119 1179 3214; baseline -0.006 -19"><span class='ocrx_word' id='word_1_176' title='bbox 468 3124 540 3205; x_wconf 79' lang='grc' dir='ltr'><strong><em>οἶος</em></strong></span> <span class='ocrx_word' id='word_1_177' title='bbox 560 3122 623 3214; x_wconf 87' lang='grc' dir='ltr'><strong>γὰρ</strong></span> <span class='ocrx_word' id='word_1_178' title='bbox 643 3119 737 3213; x_wconf 73' lang='grc' dir='ltr'><strong><em>ἡμῶν</em></strong></span> <span class='ocrx_word' id='word_1_179' title='bbox 763 3122 1021 3214; x_wconf 79' lang='grc' dir='ltr'><strong><em>δημόκοινος</em></strong></span> <span class='ocrx_word' id='word_1_180' title='bbox 1052 3125 1179 3210; x_wconf 80' lang='grc' dir='ltr'><strong><em>οἴχεται</em></strong></span> 
     </span>
     <span class='ocr_line' id='line_1_26' title="bbox 318 3235 1260 3322; baseline -0.004 -21"><span class='ocrx_word' id='word_1_181' title='bbox 318 3238 396 3322; x_wconf 83' lang='lat' dir='ltr'><strong>ipsis</strong></span> <span class='ocrx_word' id='word_1_182' title='bbox 418 3236 553 3300; x_wconf 83' lang='lat' dir='ltr'><strong>heroicis</strong></span> <span class='ocrx_word' id='word_1_183' title='bbox 577 3236 772 3321; x_wconf 85' lang='lat' dir='ltr'><strong>temporibus</strong></span> <span class='ocrx_word' id='word_1_184' title='bbox 792 3236 970 3321; x_wconf 80' lang='lat' dir='ltr'><strong>Sophocles</strong></span> <span class='ocrx_word' id='word_1_185' title='bbox 991 3235 1085 3320; x_wconf 85' lang='lat' dir='ltr'><strong>fingit</strong></span> <span class='ocrx_word' id='word_1_186' title='bbox 1106 3235 1260 3300; x_wconf 84' lang='lat' dir='ltr'><strong>extitisse.</strong></span> 
     </span>
    </p>

    <p class='ocr_par' dir='ltr' id='par_1_8' title="bbox 232 3338 1413 4177">
     <span class='ocr_line' id='line_1_27' title="bbox 402 3338 1413 3427; baseline -0.003 -21"><span class='ocrx_word' id='word_1_187' title='bbox 402 3342 562 3422; x_wconf 71' lang='lat' dir='ltr'><strong>Quoniam</strong></span> <span class='ocrx_word' id='word_1_188' title='bbox 585 3344 684 3427; x_wconf 85' lang='lat' dir='ltr'><strong>igitur</strong></span> <span class='ocrx_word' id='word_1_189' title='bbox 706 3343 746 3407; x_wconf 90' lang='lat' dir='ltr'><strong>de</strong></span> <span class='ocrx_word' id='word_1_190' title='bbox 768 3342 890 3408; x_wconf 75' lang='lat' dir='ltr'><strong>duabus</strong></span> <span class='ocrx_word' id='word_1_191' title='bbox 912 3362 1018 3407; x_wconf 86' lang='lat' dir='ltr'><strong>rerum</strong></span> <span class='ocrx_word' id='word_1_192' title='bbox 1033 3341 1172 3406; x_wconf 85' lang='lat' dir='ltr'><strong>civilium</strong></span> <span class='ocrx_word' id='word_1_193' title='bbox 1195 3340 1348 3426; x_wconf 82' lang='lat' dir='ltr'><strong>pertibus,</strong></span> <span class='ocrx_word' id='word_1_194' title='bbox 1371 3338 1413 3403; x_wconf 87' lang='lat' dir='ltr'><strong>de</strong></span> 
     </span>
     <span class='ocr_line' id='line_1_28' title="bbox 320 3447 1413 3536; baseline -0.004 -22"><span class='ocrx_word' id='word_1_195' title='bbox 320 3449 522 3514; x_wconf 86' lang='lat' dir='ltr'><strong>contionibus</strong></span> <span class='ocrx_word' id='word_1_196' title='bbox 544 3451 664 3515; x_wconf 87' lang='lat' dir='ltr'><strong>scilicet</strong></span> <span class='ocrx_word' id='word_1_197' title='bbox 687 3460 719 3515; x_wconf 89' lang='lat' dir='ltr'><strong>et</strong></span> <span class='ocrx_word' id='word_1_198' title='bbox 741 3450 782 3515; x_wconf 88' lang='lat' dir='ltr'><strong>dc</strong></span> <span class='ocrx_word' id='word_1_199' title='bbox 803 3451 938 3534; x_wconf 87' lang='lat' dir='ltr'><strong>iudiciis,</strong></span> <span class='ocrx_word' id='word_1_200' title='bbox 967 3459 1123 3536; x_wconf 82' lang='lat' dir='ltr'><strong>quantum</strong></span> <span class='ocrx_word' id='word_1_201' title='bbox 1150 3447 1191 3513; x_wconf 85' lang='lat' dir='ltr'><strong>ad</strong></span> <span class='ocrx_word' id='word_1_202' title='bbox 1212 3448 1413 3533; x_wconf 86' lang='lat' dir='ltr'><strong>propositum</strong></span> 
     </span>
     <span class='ocr_line' id='line_1_29' title="bbox 317 3556 1412 3644; baseline -0.004 -23"><span class='ocrx_word' id='word_1_203' title='bbox 317 3558 468 3642; x_wconf 87' lang='lat' dir='ltr'><strong>pertinet,</strong></span> <span class='ocrx_word' id='word_1_204' title='bbox 491 3558 661 3644; x_wconf 82' lang='lat' dir='ltr'><strong>disputavi,</strong></span> <span class='ocrx_word' id='word_1_205' title='bbox 684 3560 779 3623; x_wconf 86' lang='lat' dir='ltr'><strong>tertio</strong></span> <span class='ocrx_word' id='word_1_206' title='bbox 802 3559 871 3623; x_wconf 89' lang='lat' dir='ltr'><strong>loco</strong></span> <span class='ocrx_word' id='word_1_207' title='bbox 893 3557 941 3622; x_wconf 87' lang='lat' dir='ltr'><strong>de</strong></span> <span class='ocrx_word' id='word_1_208' title='bbox 961 3556 1289 3640; x_wconf 71' lang='lat' dir='ltr'><strong>magistratibus</strong></span> <span class='ocrx_word' id='word_1_209' title='bbox 1311 3575 1412 3640; x_wconf 80' lang='lat' dir='ltr'><strong>pauca</strong></span> 
     </span>
     <span class='ocr_line' id='line_1_30' title="bbox 318 3645 1410 3749; baseline -0.004 -21"><span class='ocrx_word' id='word_1_210' title='bbox 318 3665 395 3729; x_wconf 91' lang='lat' dir='ltr'><strong>mihi</strong></span> <span class='ocrx_word' id='word_1_211' title='bbox 410 3674 485 3729; x_wconf 86' lang='lat' dir='ltr'><strong>sunt</strong></span> <span class='ocrx_word' id='word_1_212' title='bbox 500 3665 644 3730; x_wconf 82' lang='lat' dir='ltr'><strong>dicenda.</strong></span> <span class='ocrx_word' id='word_1_213' title='bbox 687 3665 737 3730; x_wconf 89' lang='lat' dir='ltr'><strong>Ac</strong></span> <span class='ocrx_word' id='word_1_214' title='bbox 758 3686 799 3728; x_wconf 88' lang='lat' dir='ltr'><strong>ne</strong></span> <span class='ocrx_word' id='word_1_215' title='bbox 820 3645 943 3728; x_wconf 62' lang='lat' dir='ltr'><strong>multat</strong></span> <span class='ocrx_word' id='word_1_216' title='bbox 966 3684 1174 3749; x_wconf 80' lang='lat' dir='ltr'><strong>quaecunque</strong></span> <span class='ocrx_word' id='word_1_217' title='bbox 1189 3660 1274 3746; x_wconf 81' lang='lat' dir='ltr'><strong>apud</strong></span> <span class='ocrx_word' id='word_1_218' title='bbox 1289 3659 1410 3746; x_wconf 84' lang='lat' dir='ltr'><strong>Sopho-</strong></span> 
     </span>
     <span class='ocr_line' id='line_1_31' title="bbox 319 3770 1412 3856; baseline -0.005 -20"><span class='ocrx_word' id='word_1_219' title='bbox 319 3772 399 3836; x_wconf 83' lang='lat' dir='ltr'><strong>clem</strong></span> <span class='ocrx_word' id='word_1_220' title='bbox 419 3773 598 3836; x_wconf 85' lang='lat' dir='ltr'><strong>invenimus</strong></span> <span class='ocrx_word' id='word_1_221' title='bbox 621 3773 687 3836; x_wconf 88' lang='lat' dir='ltr'><strong>eius</strong></span> <span class='ocrx_word' id='word_1_222' title='bbox 708 3774 754 3837; x_wconf 88' lang='lat' dir='ltr'><strong>rei</strong></span> <span class='ocrx_word' id='word_1_223' title='bbox 776 3773 924 3856; x_wconf 85' lang='lat' dir='ltr'><strong>vestigia,</strong></span> <span class='ocrx_word' id='word_1_224' title='bbox 946 3770 988 3836; x_wconf 83' lang='lat' dir='ltr'><strong>ad</strong></span> <span class='ocrx_word' id='word_1_225' title='bbox 1010 3779 1124 3856; x_wconf 76' lang='lat' dir='ltr'><strong>poetae</strong></span> <span class='ocrx_word' id='word_1_226' title='bbox 1146 3771 1246 3854; x_wconf 87' lang='lat' dir='ltr'><strong>ipsius</strong></span> <span class='ocrx_word' id='word_1_227' title='bbox 1267 3778 1412 3854; x_wconf 79' lang='lat' dir='ltr'><strong>tempora</strong></span> 
     </span>
     <span class='ocr_line' id='line_1_32' title="bbox 318 3875 1411 3962; baseline -0.004 -20"><span class='ocrx_word' id='word_1_228' title='bbox 318 3887 393 3942; x_wconf 92' lang='lat' dir='ltr'><strong>sunt</strong></span> <span class='ocrx_word' id='word_1_229' title='bbox 406 3879 596 3944; x_wconf 82' lang='lat' dir='ltr'><strong>revocanda.</strong></span> <span class='ocrx_word' id='word_1_230' title='bbox 618 3878 658 3944; x_wconf 88' lang='lat' dir='ltr'><strong>In</strong></span> <span class='ocrx_word' id='word_1_231' title='bbox 672 3879 806 3944; x_wconf 88' lang='lat' dir='ltr'><strong>heroicis</strong></span> <span class='ocrx_word' id='word_1_232' title='bbox 821 3881 906 3944; x_wconf 83' lang='lat' dir='ltr'><strong>onim</strong></span> <span class='ocrx_word' id='word_1_233' title='bbox 920 3879 1029 3962; x_wconf 86' lang='lat' dir='ltr'><strong>regnis</strong></span> <span class='ocrx_word' id='word_1_234' title='bbox 1045 3878 1291 3961; x_wconf 82' lang='lat' dir='ltr'><strong>magistratuum</strong></span> <span class='ocrx_word' id='word_1_235' title='bbox 1306 3875 1411 3939; x_wconf 88' lang='lat' dir='ltr'><strong>nullus</strong></span> 
     </span>
     <span class='ocr_line' id='line_1_33' title="bbox 232 3977 1411 4072; baseline -0.004 -22"><span class='ocrx_word' id='word_1_236' title='bbox 232 4013 236 4022; x_wconf 93' lang='lat'>·</span> <span class='ocrx_word' id='word_1_237' title='bbox 318 3994 387 4050; x_wconf 81' lang='lat' dir='ltr'><strong>eret</strong></span> <span class='ocrx_word' id='word_1_238' title='bbox 407 3985 495 4050; x_wconf 89' lang='lat' dir='ltr'><strong>locus</strong></span> <span class='ocrx_word' id='word_1_239' title='bbox 518 4009 525 4050; x_wconf 93' lang='lat'>:</span> <span class='ocrx_word' id='word_1_240' title='bbox 553 3987 650 4050; x_wconf 91' lang='lat' dir='ltr'><strong>immo</strong></span> <span class='ocrx_word' id='word_1_241' title='bbox 679 3985 826 4050; x_wconf 88' lang='lat' dir='ltr'><strong>omnibus</strong></span> <span class='ocrx_word' id='word_1_242' title='bbox 849 4005 932 4072; x_wconf 80' lang='lat' dir='ltr'><strong>quae</strong></span> <span class='ocrx_word' id='word_1_243' title='bbox 953 3993 1066 4069; x_wconf 79' lang='lat' dir='ltr'><strong>posteo</strong></span> <span class='ocrx_word' id='word_1_244' title='bbox 1088 3982 1222 4048; x_wconf 83' lang='lat' dir='ltr'><strong>diversis</strong></span> <span class='ocrx_word' id='word_1_245' title='bbox 1244 3977 1411 4066; x_wconf 68' lang='lat' dir='ltr'><strong>magistra-</strong></span> 
     </span>
     <span class='ocr_line' id='line_1_34' title="bbox 317 4086 1410 4177; baseline -0.005 -21"><span class='ocrx_word' id='word_1_246' title='bbox 317 4091 401 4156; x_wconf 90' lang='lat' dir='ltr'><strong>tibus</strong></span> <span class='ocrx_word' id='word_1_247' title='bbox 422 4089 649 4158; x_wconf 84' lang='lat' dir='ltr'><strong>deferebantur</strong></span> <span class='ocrx_word' id='word_1_248' title='bbox 670 4091 853 4158; x_wconf 85' lang='lat' dir='ltr'><strong>muneribus</strong></span> <span class='ocrx_word' id='word_1_249' title='bbox 876 4093 938 4177; x_wconf 87' lang='lat' dir='ltr'><strong>ipsi</strong></span> <span class='ocrx_word' id='word_1_250' title='bbox 959 4111 1053 4175; x_wconf 84' lang='lat' dir='ltr'><strong>reges</strong></span> <span class='ocrx_word' id='word_1_251' title='bbox 1075 4111 1140 4154; x_wconf 82' lang='lat' dir='ltr'><strong>unc</strong></span> <span class='ocrx_word' id='word_1_252' title='bbox 1162 4109 1233 4154; x_wconf 89' lang='lat' dir='ltr'><strong>cum</strong></span> <span class='ocrx_word' id='word_1_253' title='bbox 1261 4086 1410 4174; x_wconf 83' lang='lat' dir='ltr'><strong>principi·</strong></span> 
     </span>
    </p>
   </div>
   <div class='ocr_carea' id='block_1_3' title="bbox 385 4317 1229 4392">
    <p class='ocr_par' dir='ltr' id='par_1_9' title="bbox 385 4317 1229 4392">
     <span class='ocr_line' id='line_1_35' title="bbox 385 4317 1229 4392; baseline -0.002 -21"><span class='ocrx_word' id='word_1_254' title='bbox 385 4318 419 4386; x_wconf 85' lang='lat'><strong>⁴¹)</strong></span> <span class='ocrx_word' id='word_1_255' title='bbox 438 4320 531 4372; x_wconf 83' lang='lat' dir='ltr'><strong>Obiter</strong></span> <span class='ocrx_word' id='word_1_256' title='bbox 548 4336 663 4371; x_wconf 85' lang='lat' dir='ltr'><strong>memoro</strong></span> <span class='ocrx_word' id='word_1_257' title='bbox 681 4335 728 4386; x_wconf 87' lang='lat' dir='ltr'><strong>pro</strong></span> <span class='ocrx_word' id='word_1_258' title='bbox 747 4324 864 4392; x_wconf 80' lang='grc' dir='ltr'><strong><em>κρημνῷ</em></strong></span> <span class='ocrx_word' id='word_1_259' title='bbox 882 4319 949 4371; x_wconf 74' lang='lat' dir='ltr'><strong>alias</strong></span> <span class='ocrx_word' id='word_1_260' title='bbox 967 4319 1082 4372; x_wconf 75' lang='lat' dir='ltr'><strong>inueniri</strong></span> <span class='ocrx_word' id='word_1_261' title='bbox 1100 4317 1229 4374; x_wconf 78' lang='grc' dir='ltr'><strong><em>κώνειον.</em></strong></span> 
     </span>
    </p>
   </div>
   <div class='ocr_carea' id='block_1_4' title="bbox 0 0 1566 5176">
    <p class='ocr_par' dir='ltr' id='par_1_10' title="bbox 0 0 1566 5176">
     <span class='ocr_line' id='line_1_36' title="bbox 0 0 1566 5176; baseline 0 1"><span class='ocrx_word' id='word_1_262' title='bbox 0 0 1566 5176; x_wconf 95' lang='lat' dir='ltr'><strong> </strong></span> 
     </span>
    </p>
   </div>
  </div>
 </body>
</html>
