<?xml version="1.0" encoding="UTF-8"?>
<!DOCTYPE html PUBLIC "-//W3C//DTD XHTML 1.0 Transitional//EN"
    "http://www.w3.org/TR/xhtml1/DTD/xhtml1-transitional.dtd">
<html xmlns="http://www.w3.org/1999/xhtml" xml:lang="en" lang="en">
 <head>
  <title>
</title>
<meta http-equiv="Content-Type" content="text/html;charset=utf-8" />
  <meta name='ocr-system' content='tesseract 3.04.00' />
  <meta name='ocr-capabilities' content='ocr_page ocr_carea ocr_par ocr_line ocrx_word'/>
</head>
<body>
  <div class='ocr_page' id='page_1' title='image "./sophoclesquemad00beckgoog_0065.png"; bbox 0 0 3126 5176; ppageno 0'>
   <div class='ocr_carea' id='block_1_1' title="bbox 855 432 896 501">
    <p class='ocr_par' dir='ltr' id='par_1_1' title="bbox 855 432 896 501">
     <span class='ocr_line' id='line_1_1' title="bbox 855 432 896 501; baseline 0 -4"><span class='ocrx_word' id='word_1_1' title='bbox 855 432 896 501; x_wconf 71' lang='grc'><strong>68</strong></span> 
     </span>
    </p>
   </div>
   <div class='ocr_carea' id='block_1_2' title="bbox 234 631 1439 4496">
    <p class='ocr_par' dir='ltr' id='par_1_2' title="bbox 234 631 1562 4496">
     <span class='ocr_line' id='line_1_2' title="bbox 330 631 1415 720; baseline 0.002 -22"><span class='ocrx_word' id='word_1_2' title='bbox 330 633 431 718; x_wconf 76' lang='grc' dir='ltr'><strong><em>γελία.</em></strong></span> <span class='ocrx_word' id='word_1_3' title='bbox 485 632 537 698; x_wconf 91' lang='lat' dir='ltr'><strong>De</strong></span> <span class='ocrx_word' id='word_1_4' title='bbox 570 631 683 718; x_wconf 90' lang='lat' dir='ltr'><strong>quibus</strong></span> <span class='ocrx_word' id='word_1_5' title='bbox 715 634 807 718; x_wconf 79' lang='lat' dir='ltr'><strong>plura</strong></span> <span class='ocrx_word' id='word_1_6' title='bbox 838 631 1020 720; x_wconf 76' lang='lat' dir='ltr'><strong>disputandi</strong></span> <span class='ocrx_word' id='word_1_7' title='bbox 1050 634 1101 700; x_wconf 89' lang='lat' dir='ltr'><strong>hio</strong></span> <span class='ocrx_word' id='word_1_8' title='bbox 1132 655 1196 700; x_wconf 90' lang='lat' dir='ltr'><strong>non</strong></span> <span class='ocrx_word' id='word_1_9' title='bbox 1226 643 1277 700; x_wconf 86' lang='lat' dir='ltr'><strong>est</strong></span> <span class='ocrx_word' id='word_1_10' title='bbox 1295 635 1415 700; x_wconf 62' lang='lat' dir='ltr'><strong>boue:</strong></span> 
     </span>
     <span class='ocr_line' id='line_1_3' title="bbox 330 741 1417 809; baseline 0.005 -6"><span class='ocrx_word' id='word_1_11' title='bbox 330 741 426 806; x_wconf 83' lang='lat' dir='ltr'><strong>immo</strong></span> <span class='ocrx_word' id='word_1_12' title='bbox 439 741 614 808; x_wconf 63' lang='lat' dir='ltr'><strong>,nonnullas</strong></span> <span class='ocrx_word' id='word_1_13' title='bbox 636 751 759 808; x_wconf 82' lang='lat' dir='ltr'><strong>tentum</strong></span> <span class='ocrx_word' id='word_1_14' title='bbox 782 762 833 806; x_wconf 84' lang='lat' dir='ltr'><strong>res</strong></span> <span class='ocrx_word' id='word_1_15' title='bbox 855 743 1039 809; x_wconf 79' lang='lat' dir='ltr'><strong>minutiores</strong></span> <span class='ocrx_word' id='word_1_16' title='bbox 1069 742 1145 808; x_wconf 89' lang='lat' dir='ltr'><strong>mihi</strong></span> <span class='ocrx_word' id='word_1_17' title='bbox 1176 745 1208 808; x_wconf 90' lang='lat' dir='ltr'><strong>in</strong></span> <span class='ocrx_word' id='word_1_18' title='bbox 1239 743 1344 808; x_wconf 83' lang='lat' dir='ltr'><strong>snimo</strong></span> <span class='ocrx_word' id='word_1_19' title='bbox 1366 753 1417 808; x_wconf 87' lang='lat' dir='ltr'><strong>eet</strong></span> 
     </span>
     <span class='ocr_line' id='line_1_4' title="bbox 331 849 1415 936; baseline 0.003 -23"><span class='ocrx_word' id='word_1_20' title='bbox 331 869 507 914; x_wconf 79' lang='lat' dir='ltr'><strong>memorare</strong></span> <span class='ocrx_word' id='word_1_21' title='bbox 537 871 619 935; x_wconf 80' lang='lat' dir='ltr'><strong>quae</strong></span> <span class='ocrx_word' id='word_1_22' title='bbox 649 849 848 936; x_wconf 79' lang='lat' dir='ltr'><strong>aliquetenus</strong></span> <span class='ocrx_word' id='word_1_23' title='bbox 880 851 1049 916; x_wconf 78' lang='lat' dir='ltr'><strong>videantur</strong></span> <span class='ocrx_word' id='word_1_24' title='bbox 1073 869 1146 916; x_wconf 86' lang='lat' dir='ltr'><strong>oum</strong></span> <span class='ocrx_word' id='word_1_25' title='bbox 1178 852 1215 916; x_wconf 85' lang='lat' dir='ltr'><strong>iis</strong></span> <span class='ocrx_word' id='word_1_26' title='bbox 1237 850 1415 926; x_wconf 78' lang='lat' dir='ltr'><strong>cohaerere.</strong></span> 
     </span>
     <span class='ocr_line' id='line_1_5' title="bbox 331 950 1415 1043; baseline 0.004 -21"><span class='ocrx_word' id='word_1_27' title='bbox 331 955 384 1023; x_wconf 81' lang='lat' dir='ltr'><strong>Ad</strong></span> <span class='ocrx_word' id='word_1_28' title='bbox 404 950 542 1042; x_wconf 81' lang='grc' dir='ltr'><strong><em>μήνυσιν</em></strong></span> <span class='ocrx_word' id='word_1_29' title='bbox 563 959 646 1024; x_wconf 89' lang='lat' dir='ltr'><strong>enim</strong></span> <span class='ocrx_word' id='word_1_30' title='bbox 669 958 752 1043; x_wconf 87' lang='lat' dir='ltr'><strong>quod</strong></span> <span class='ocrx_word' id='word_1_31' title='bbox 772 960 898 1043; x_wconf 68' lang='lat' dir='ltr'><strong>attinet,</strong></span> <span class='ocrx_word' id='word_1_32' title='bbox 926 960 954 1023; x_wconf 88' lang='lat' dir='ltr'><strong>si</strong></span> <span class='ocrx_word' id='word_1_33' title='bbox 981 959 1138 1042; x_wconf 77' lang='lat' dir='ltr'><strong>gravioris</strong></span> <span class='ocrx_word' id='word_1_34' title='bbox 1168 959 1274 1024; x_wconf 74' lang='lat' dir='ltr'><strong>delicti</strong></span> <span class='ocrx_word' id='word_1_35' title='bbox 1301 981 1415 1042; x_wconf 85' lang='lat' dir='ltr'><strong>purum</strong></span> 
     </span>
     <span class='ocr_line' id='line_1_6' title="bbox 330 1064 1415 1152; baseline 0 -22"><span class='ocrx_word' id='word_1_36' title='bbox 330 1064 471 1150; x_wconf 81' lang='lat' dir='ltr'>liquebat</span> <span class='ocrx_word' id='word_1_37' title='bbox 512 1067 657 1151; x_wconf 81' lang='lat' dir='ltr'><strong>quisnam</strong></span> <span class='ocrx_word' id='word_1_38' title='bbox 688 1077 774 1132; x_wconf 88' lang='lat' dir='ltr'><strong>esset</strong></span> <span class='ocrx_word' id='word_1_39' title='bbox 809 1068 842 1132; x_wconf 93' lang='lat' dir='ltr'><strong>in</strong></span> <span class='ocrx_word' id='word_1_40' title='bbox 877 1068 987 1152; x_wconf 84' lang='lat' dir='ltr'><strong>eulpt,</strong></span> <span class='ocrx_word' id='word_1_41' title='bbox 1024 1068 1052 1132; x_wconf 90' lang='lat' dir='ltr'><strong>ei</strong></span> <span class='ocrx_word' id='word_1_42' title='bbox 1089 1068 1143 1152; x_wconf 90' lang='lat' dir='ltr'><strong>qui</strong></span> <span class='ocrx_word' id='word_1_43' title='bbox 1178 1085 1295 1132; x_wconf 88' lang='lat' dir='ltr'><strong>nomen</strong></span> <span class='ocrx_word' id='word_1_44' title='bbox 1333 1067 1415 1132; x_wconf 84' lang='lat' dir='ltr'><strong>illius</strong></span> 
     </span>
     <span class='ocr_line' id='line_1_7' title="bbox 330 1168 1414 1260; baseline 0.002 -24"><span class='ocrx_word' id='word_1_45' title='bbox 330 1171 490 1240; x_wconf 84' lang='lat' dir='ltr'><strong>deleturus</strong></span> <span class='ocrx_word' id='word_1_46' title='bbox 522 1184 606 1238; x_wconf 84' lang='lat' dir='ltr'><strong>esset</strong></span> <span class='ocrx_word' id='word_1_47' title='bbox 636 1175 810 1259; x_wconf 80' lang='lat' dir='ltr'><strong>proemium</strong></span> <span class='ocrx_word' id='word_1_48' title='bbox 842 1175 949 1240; x_wconf 81' lang='lat' dir='ltr'><strong>indicii</strong></span> <span class='ocrx_word' id='word_1_49' title='bbox 971 1168 1166 1260; x_wconf 77' lang='grc' dir='ltr'>(μήνυτρον)</span> <span class='ocrx_word' id='word_1_50' title='bbox 1199 1174 1321 1241; x_wconf 78' lang='lat' dir='ltr'>solebat</span> <span class='ocrx_word' id='word_1_51' title='bbox 1342 1196 1414 1260; x_wconf 84' lang='lat' dir='ltr'><strong>pro-</strong></span> 
     </span>
     <span class='ocr_line' id='line_1_8' title="bbox 330 1280 1415 1368; baseline 0 -22"><span class='ocrx_word' id='word_1_52' title='bbox 330 1281 414 1365; x_wconf 89' lang='lat' dir='ltr'><strong>poni.</strong></span> <span class='ocrx_word' id='word_1_53' title='bbox 468 1280 539 1360; x_wconf 82' lang='lat' dir='ltr'><strong>Quo</strong></span> <span class='ocrx_word' id='word_1_54' title='bbox 571 1281 720 1346; x_wconf 81' lang='lat' dir='ltr'><strong>videntur</strong></span> <span class='ocrx_word' id='word_1_55' title='bbox 749 1292 894 1368; x_wconf 67' lang='lat' dir='ltr'><strong>spectare</strong></span> <span class='ocrx_word' id='word_1_56' title='bbox 927 1282 1027 1347; x_wconf 85' lang='lat' dir='ltr'><strong>verbe</strong></span> <span class='ocrx_word' id='word_1_57' title='bbox 1064 1282 1118 1348; x_wconf 85' lang='lat' dir='ltr'><strong>ille</strong></span> <span class='ocrx_word' id='word_1_58' title='bbox 1153 1282 1267 1368; x_wconf 83' lang='lat' dir='ltr'><strong>quibus</strong></span> <span class='ocrx_word' id='word_1_59' title='bbox 1299 1281 1328 1348; x_wconf 91' lang='lat' dir='ltr'><strong>ei</strong></span> <span class='ocrx_word' id='word_1_60' title='bbox 1358 1283 1415 1368; x_wconf 86' lang='lat' dir='ltr'><strong>qui</strong></span> 
     </span>
     <span class='ocr_line' id='line_1_9' title="bbox 331 1387 1416 1476; baseline 0.002 -24"><span class='ocrx_word' id='word_1_61' title='bbox 331 1387 567 1454; x_wconf 68' lang='lat' dir='ltr'><strong>interfectorem</strong></span> <span class='ocrx_word' id='word_1_62' title='bbox 589 1389 660 1454; x_wconf 81' lang='lat' dir='ltr'><strong>Laii</strong></span> <span class='ocrx_word' id='word_1_63' title='bbox 682 1389 844 1456; x_wconf 79' lang='lat' dir='ltr'><strong>delaturus</strong></span> <span class='ocrx_word' id='word_1_64' title='bbox 863 1391 907 1456; x_wconf 89' lang='lat' dir='ltr'><strong>sit</strong></span> <span class='ocrx_word' id='word_1_65' title='bbox 928 1388 1071 1475; x_wconf 81' lang='lat' dir='ltr'><strong>Oedipus</strong></span> <span class='ocrx_word' id='word_1_66' title='bbox 1084 1390 1163 1472; x_wconf 75' lang='lat' dir='ltr'><strong>(Oli</strong></span> <span class='ocrx_word' id='word_1_67' title='bbox 1175 1391 1251 1474; x_wconf 83' lang='lat'><strong>231)</strong></span> <span class='ocrx_word' id='word_1_68' title='bbox 1266 1390 1416 1476; x_wconf 82' lang='lat' dir='ltr'><strong>proponit</strong></span> 
     </span>
     <span class='ocr_line' id='line_1_10' title="bbox 330 1489 1413 1586; baseline -0.001 -25"><span class='ocrx_word' id='word_1_69' title='bbox 330 1489 378 1562; x_wconf 82' lang='grc' dir='ltr'><strong>τὸ</strong></span> <span class='ocrx_word' id='word_1_70' title='bbox 407 1495 538 1586; x_wconf 79' lang='grc' dir='ltr'><strong>κέρδος,</strong></span> <span class='ocrx_word' id='word_1_71' title='bbox 567 1497 586 1560; x_wconf 87' lang='lat' dir='ltr'><strong>i.</strong></span> <span class='ocrx_word' id='word_1_72' title='bbox 610 1520 636 1562; x_wconf 83' lang='lat' dir='ltr'><strong>e.</strong></span> <span class='ocrx_word' id='word_1_73' title='bbox 659 1499 777 1562; x_wconf 82' lang='lat' dir='ltr'><strong>iustum</strong></span> <span class='ocrx_word' id='word_1_74' title='bbox 796 1497 1012 1584; x_wconf 71' lang='lat' dir='ltr'><strong>vdebitumque</strong></span> <span class='ocrx_word' id='word_1_75' title='bbox 1041 1497 1207 1562; x_wconf 82' lang='lat' dir='ltr'><strong>deletionis</strong></span> <span class='ocrx_word' id='word_1_76' title='bbox 1229 1499 1413 1583; x_wconf 79' lang='lat' dir='ltr'><strong>praemium.</strong></span> 
     </span>
     <span class='ocr_line' id='line_1_11' title="bbox 239 1593 1414 1690; baseline 0 -20"><span class='ocrx_word' id='word_1_77' title='bbox 239 1607 241 1613; x_wconf 85' lang='grc'><strong>’</strong></span> <span class='ocrx_word' id='word_1_78' title='bbox 329 1593 512 1684; x_wconf 56' lang='lat' dir='ltr'><strong>tevestem</strong></span> <span class='ocrx_word' id='word_1_79' title='bbox 544 1616 651 1670; x_wconf 80' lang='lat' dir='ltr'><strong>eutem</strong></span> <span class='ocrx_word' id='word_1_80' title='bbox 683 1607 828 1690; x_wconf 80' lang='lat' dir='ltr'><strong>quemvis</strong></span> <span class='ocrx_word' id='word_1_81' title='bbox 855 1615 950 1670; x_wconf 89' lang='lat' dir='ltr'><strong>tenue</strong></span> <span class='ocrx_word' id='word_1_82' title='bbox 980 1615 1068 1670; x_wconf 79' lang='lat' dir='ltr'><strong>extet</strong></span> <span class='ocrx_word' id='word_1_83' title='bbox 1095 1607 1265 1689; x_wconf 77' lang='lat' dir='ltr'><strong>vestigium</strong></span> <span class='ocrx_word' id='word_1_84' title='bbox 1293 1605 1325 1668; x_wconf 89' lang='lat' dir='ltr'><strong>in</strong></span> <span class='ocrx_word' id='word_1_85' title='bbox 1354 1605 1414 1672; x_wconf 81' lang='lat'><strong>00</strong></span> 
     </span>
     <span class='ocr_line' id='line_1_12' title="bbox 328 1705 1413 1798; baseline 0 -20"><span class='ocrx_word' id='word_1_86' title='bbox 328 1712 379 1795; x_wconf 83' lang='lat'><strong>48,</strong></span> <span class='ocrx_word' id='word_1_87' title='bbox 401 1711 456 1778; x_wconf 89' lang='lat' dir='ltr'><strong>ubi</strong></span> <span class='ocrx_word' id='word_1_88' title='bbox 479 1713 577 1777; x_wconf 80' lang='lat' dir='ltr'><strong>verbe</strong></span> <span class='ocrx_word' id='word_1_89' title='bbox 596 1714 677 1798; x_wconf 75' lang='grc' dir='ltr'><strong><em>πρίν</em></strong></span> <span class='ocrx_word' id='word_1_90' title='bbox 696 1713 725 1798; x_wconf 87' lang='grc' dir='ltr'><strong>γ’</strong></span> <span class='ocrx_word' id='word_1_91' title='bbox 746 1705 790 1778; x_wconf 74' lang='grc' dir='ltr'><strong>ἂν</strong></span> <span class='ocrx_word' id='word_1_92' title='bbox 810 1712 985 1794; x_wconf 67' lang='grc' dir='ltr'><strong>ἐνδεῖξαι</strong></span> <span class='ocrx_word' id='word_1_93' title='bbox 1007 1715 1039 1778; x_wconf 76' lang='grc' dir='ltr'><strong>τί</strong></span> <span class='ocrx_word' id='word_1_94' title='bbox 1060 1713 1129 1798; x_wconf 75' lang='grc' dir='ltr'><strong>δρῶ</strong></span> <span class='ocrx_word' id='word_1_95' title='bbox 1150 1735 1220 1778; x_wconf 88' lang='lat' dir='ltr'><strong>oum</strong></span> <span class='ocrx_word' id='word_1_96' title='bbox 1243 1712 1413 1779; x_wconf 77' lang='lat' dir='ltr'><strong>Schneide-</strong></span> 
     </span>
     <span class='ocr_line' id='line_1_13' title="bbox 329 1803 1413 1912; baseline 0 -28"><span class='ocrx_word' id='word_1_97' title='bbox 329 1821 412 1884; x_wconf 84' lang='lat' dir='ltr'><strong>wino</strong></span> <span class='ocrx_word' id='word_1_98' title='bbox 436 1822 481 1886; x_wconf 80' lang='lat' dir='ltr'><strong>ita</strong></span> <span class='ocrx_word' id='word_1_99' title='bbox 501 1832 577 1886; x_wconf 89' lang='lat' dir='ltr'><strong>sunt</strong></span> <span class='ocrx_word' id='word_1_100' title='bbox 598 1821 787 1912; x_wconf 79' lang='lat' dir='ltr'><strong>explicanda</strong></span> <span class='ocrx_word' id='word_1_101' title='bbox 809 1845 816 1887; x_wconf 94' lang='lat'>:</span> <span class='ocrx_word' id='word_1_102' title='bbox 840 1803 985 1903; x_wconf 82' lang='lat' dir='ltr'><strong>(tenen)</strong></span> <span class='ocrx_word' id='word_1_103' title='bbox 1008 1822 1095 1906; x_wconf 82' lang='lat' dir='ltr'><strong>prius</strong></span> <span class='ocrx_word' id='word_1_104' title='bbox 1126 1823 1188 1904; x_wconf 79' lang='lat' dir='ltr'><strong>(eu¹</strong></span> <span class='ocrx_word' id='word_1_105' title='bbox 1202 1821 1281 1886; x_wconf 81' lang='lat' dir='ltr'><strong>nube</strong></span> <span class='ocrx_word' id='word_1_106' title='bbox 1307 1821 1413 1906; x_wconf 83' lang='lat' dir='ltr'><strong>expel-</strong></span> 
     </span>
     <span class='ocr_line' id='line_1_14' title="bbox 328 1926 1414 2016; baseline 0.002 -22"><span class='ocrx_word' id='word_1_107' title='bbox 328 1929 406 2012; x_wconf 80' lang='lat' dir='ltr'><strong>lsm)</strong></span> <span class='ocrx_word' id='word_1_108' title='bbox 438 1947 533 2014; x_wconf 84' lang='lat' dir='ltr'><strong>quem</strong></span> <span class='ocrx_word' id='word_1_109' title='bbox 563 1929 603 1994; x_wconf 83' lang='lat' dir='ltr'><strong>ed</strong></span> <span class='ocrx_word' id='word_1_110' title='bbox 633 1930 785 2014; x_wconf 90' lang='lat' dir='ltr'><strong>populum</strong></span> <span class='ocrx_word' id='word_1_111' title='bbox 814 1949 881 1994; x_wconf 90' lang='lat' dir='ltr'><strong>rem</strong></span> <span class='ocrx_word' id='word_1_112' title='bbox 911 1928 1053 1994; x_wconf 87' lang='lat' dir='ltr'><strong>detulero</strong></span> <span class='ocrx_word' id='word_1_113' title='bbox 1076 1926 1223 2016; x_wconf 89' lang='lat' dir='ltr'><strong>[eumque</strong></span> <span class='ocrx_word' id='word_1_114' title='bbox 1245 1928 1414 2014; x_wconf 74' lang='lat' dir='ltr'><strong>rogavero]</strong></span> 
     </span>
     <span class='ocr_line' id='line_1_15' title="bbox 329 2035 1414 2122; baseline 0.002 -20"><span class='ocrx_word' id='word_1_115' title='bbox 329 2035 405 2120; x_wconf 83' lang='lat' dir='ltr'><strong>quid</strong></span> <span class='ocrx_word' id='word_1_116' title='bbox 426 2035 572 2102; x_wconf 61' lang='lat' dir='ltr'><strong>facium:</strong></span> <span class='ocrx_word' id='word_1_117' title='bbox 606 2037 714 2122; x_wconf 82' lang='lat' dir='ltr'><strong>Atque</strong></span> <span class='ocrx_word' id='word_1_118' title='bbox 747 2035 951 2122; x_wconf 76' lang='grc' dir='ltr'><strong><em>εἰσαγγελίαν</em></strong></span> <span class='ocrx_word' id='word_1_119' title='bbox 983 2046 1109 2108; x_wconf 83' lang='lat' dir='ltr'><strong>oonstst</strong></span> <span class='ocrx_word' id='word_1_120' title='bbox 1141 2059 1209 2102; x_wconf 88' lang='lat' dir='ltr'><strong>esse</strong></span> <span class='ocrx_word' id='word_1_121' title='bbox 1240 2037 1414 2104; x_wconf 74' lang='lat' dir='ltr'><strong>adhibitum</strong></span> 
     </span>
     <span class='ocr_line' id='line_1_16' title="bbox 329 2137 1416 2232; baseline 0.001 -23"><span class='ocrx_word' id='word_1_122' title='bbox 329 2163 400 2210; x_wconf 85' lang='lat' dir='ltr'><strong>oum</strong></span> <span class='ocrx_word' id='word_1_123' title='bbox 420 2144 491 2212; x_wconf 76' lang='lat' dir='ltr'><strong>eliis</strong></span> <span class='ocrx_word' id='word_1_124' title='bbox 514 2143 697 2212; x_wconf 87' lang='lat' dir='ltr'><strong>oriminibus</strong></span> <span class='ocrx_word' id='word_1_125' title='bbox 725 2143 905 2210; x_wconf 81' lang='lat' dir='ltr'><strong>deferendis</strong></span> <span class='ocrx_word' id='word_1_126' title='bbox 937 2155 1004 2208; x_wconf 89' lang='lat' dir='ltr'><strong>tum</strong></span> <span class='ocrx_word' id='word_1_127' title='bbox 1033 2138 1106 2231; x_wconf 76' lang='grc' dir='ltr'><strong>[ἐάν</strong></span> <span class='ocrx_word' id='word_1_128' title='bbox 1134 2144 1194 2230; x_wconf 80' lang='grc' dir='ltr'><strong><em>τίς]</em></strong></span> <span class='ocrx_word' id='word_1_129' title='bbox 1225 2139 1335 2232; x_wconf 79' lang='grc' dir='ltr'><em>ῥήτωρ</em></span> <span class='ocrx_word' id='word_1_130' title='bbox 1365 2137 1416 2212; x_wconf 73' lang='grc' dir='ltr'><strong>ὢν</strong></span> 
     </span>
     <span class='ocr_line' id='line_1_17' title="bbox 327 2242 1415 2338; baseline 0 -20"><span class='ocrx_word' id='word_1_131' title='bbox 327 2245 372 2338; x_wconf 79' lang='grc' dir='ltr'><strong>μὴ</strong></span> <span class='ocrx_word' id='word_1_132' title='bbox 391 2251 469 2338; x_wconf 72' lang='grc' dir='ltr'><strong><em>λέγῃ</em></strong></span> <span class='ocrx_word' id='word_1_133' title='bbox 489 2245 531 2317; x_wconf 80' lang='grc' dir='ltr'><strong>τὰ</strong></span> <span class='ocrx_word' id='word_1_134' title='bbox 553 2243 669 2337; x_wconf 77' lang='grc' dir='ltr'><strong><em>ἄριστα</em></strong></span> <span class='ocrx_word' id='word_1_135' title='bbox 690 2256 739 2338; x_wconf 79' lang='grc' dir='ltr'><strong>τῷ</strong></span> <span class='ocrx_word' id='word_1_136' title='bbox 766 2246 858 2338; x_wconf 80' lang='grc' dir='ltr'><strong>δήμῳ</strong></span> <span class='ocrx_word' id='word_1_137' title='bbox 888 2257 937 2337; x_wconf 77' lang='grc' dir='ltr'><strong>τῷ</strong></span> <span class='ocrx_word' id='word_1_138' title='bbox 962 2242 1145 2338; x_wconf 70' lang='grc' dir='ltr'><strong><em>Ἀθηναίων</em></strong></span> <span class='ocrx_word' id='word_1_139' title='bbox 1164 2247 1313 2338; x_wconf 72' lang='grc' dir='ltr'><strong><em>χρήματα</em></strong></span> <span class='ocrx_word' id='word_1_140' title='bbox 1334 2257 1415 2338; x_wconf 58' lang='lat' dir='ltr'><strong>loue-</strong></span> 
     </span>
     <span class='ocr_line' id='line_1_18' title="bbox 269 2349 1418 2448; baseline 0.002 -22"><span class='ocrx_word' id='word_1_141' title='bbox 269 2349 282 2389; x_wconf 37' lang='lat'><strong>·&#39;</strong></span> <span class='ocrx_word' id='word_1_142' title='bbox 328 2353 442 2442; x_wconf 79' lang='grc' dir='ltr'><strong><em>βάνσσν</em></strong></span> <span class='ocrx_word' id='word_1_143' title='bbox 472 2362 528 2426; x_wconf 86' lang='grc' dir='ltr'><strong>καὶ</strong></span> <span class='ocrx_word' id='word_1_144' title='bbox 560 2355 685 2448; x_wconf 78' lang='grc' dir='ltr'><em>δωρεὰς</em></span> <span class='ocrx_word' id='word_1_145' title='bbox 716 2354 807 2444; x_wconf 81' lang='grc' dir='ltr'><strong><em>παρὰ</em></strong></span> <span class='ocrx_word' id='word_1_146' title='bbox 834 2365 905 2426; x_wconf 81' lang='grc' dir='ltr'><strong>τῶν</strong></span> <span class='ocrx_word' id='word_1_147' title='bbox 932 2351 1092 2428; x_wconf 70' lang='grc' dir='ltr'><strong><em>τάναντία</em></strong></span> <span class='ocrx_word' id='word_1_148' title='bbox 1122 2355 1344 2446; x_wconf 72' lang='grc' dir='ltr'><strong><em>πραττόντων</em></strong></span> <span class='ocrx_word' id='word_1_149' title='bbox 1364 2366 1418 2446; x_wconf 77' lang='grc' dir='ltr'><strong>τῷΙ</strong></span> 
     </span>
     <span class='ocr_line' id='line_1_19' title="bbox 328 2457 1413 2555; baseline 0.001 -22"><span class='ocrx_word' id='word_1_150' title='bbox 328 2461 420 2554; x_wconf 72' lang='grc' dir='ltr'><strong>δήμῳ</strong></span> <span class='ocrx_word' id='word_1_151' title='bbox 447 2472 497 2554; x_wconf 79' lang='grc' dir='ltr'><strong>τῷ</strong></span> <span class='ocrx_word' id='word_1_152' title='bbox 520 2457 704 2555; x_wconf 69' lang='grc' dir='ltr'><strong><em>Ἀθηναίων</em></strong></span> <span class='ocrx_word' id='word_1_153' title='bbox 733 2467 904 2554; x_wconf 74' lang='lat' dir='ltr'><strong>(Hyperid.</strong></span> <span class='ocrx_word' id='word_1_154' title='bbox 927 2487 984 2554; x_wconf 92' lang='lat' dir='ltr'><strong>pro</strong></span> <span class='ocrx_word' id='word_1_155' title='bbox 1005 2469 1129 2534; x_wconf 82' lang='lat' dir='ltr'><strong>Euxen.</strong></span> <span class='ocrx_word' id='word_1_156' title='bbox 1149 2469 1192 2534; x_wconf 80' lang='lat'><strong>22</strong></span> <span class='ocrx_word' id='word_1_157' title='bbox 1212 2468 1253 2533; x_wconf 84' lang='lat' dir='ltr'><strong>uf.</strong></span> <span class='ocrx_word' id='word_1_158' title='bbox 1275 2469 1325 2534; x_wconf 79' lang='lat'><strong>39.</strong></span> <span class='ocrx_word' id='word_1_159' title='bbox 1346 2469 1413 2551; x_wconf 80' lang='lat'><strong>47).</strong></span> 
     </span>
     <span class='ocr_line' id='line_1_20' title="bbox 329 2575 1412 2663; baseline 0.002 -23"><span class='ocrx_word' id='word_1_160' title='bbox 329 2577 379 2642; x_wconf 82' lang='lat' dir='ltr'><strong>Ae</strong></span> <span class='ocrx_word' id='word_1_161' title='bbox 399 2577 459 2644; x_wconf 82' lang='lat' dir='ltr'><strong>vel</strong></span> <span class='ocrx_word' id='word_1_162' title='bbox 471 2576 546 2642; x_wconf 84' lang='lat' dir='ltr'><strong>inde</strong></span> <span class='ocrx_word' id='word_1_163' title='bbox 567 2576 652 2663; x_wconf 86' lang='lat' dir='ltr'><strong>quod</strong></span> <span class='ocrx_word' id='word_1_164' title='bbox 674 2577 733 2640; x_wconf 81' lang='lat' dir='ltr'><strong>heo</strong></span> <span class='ocrx_word' id='word_1_165' title='bbox 756 2576 945 2661; x_wconf 76' lang='lat' dir='ltr'><strong>gravissime</strong></span> <span class='ocrx_word' id='word_1_166' title='bbox 960 2577 1134 2647; x_wconf 62' lang='lat' dir='ltr'><strong>⁴deletionis</strong></span> <span class='ocrx_word' id='word_1_167' title='bbox 1155 2577 1259 2649; x_wconf 79' lang='lat' dir='ltr'><strong>forma</strong></span> <span class='ocrx_word' id='word_1_168' title='bbox 1280 2575 1412 2642; x_wconf 82' lang='lat' dir='ltr'><strong>Atheni·</strong></span> 
     </span>
     <span class='ocr_line' id='line_1_21' title="bbox 328 2685 1414 2770; baseline 0.002 -22"><span class='ocrx_word' id='word_1_169' title='bbox 328 2703 419 2752; x_wconf 82' lang='lat' dir='ltr'><strong>enses</strong></span> <span class='ocrx_word' id='word_1_170' title='bbox 434 2685 614 2768; x_wconf 75' lang='lat' dir='ltr'><strong>utebantur,</strong></span> <span class='ocrx_word' id='word_1_171' title='bbox 638 2686 717 2752; x_wconf 77' lang='lat' dir='ltr'><strong>setis</strong></span> <span class='ocrx_word' id='word_1_172' title='bbox 730 2694 872 2770; x_wconf 74' lang='lat' dir='ltr'><strong>apparet,</strong></span> <span class='ocrx_word' id='word_1_173' title='bbox 894 2695 1047 2770; x_wconf 75' lang='lat' dir='ltr'><strong>quantum</strong></span> <span class='ocrx_word' id='word_1_174' title='bbox 1061 2686 1189 2752; x_wconf 76' lang='lat' dir='ltr'><strong>sceleris</strong></span> <span class='ocrx_word' id='word_1_175' title='bbox 1204 2685 1414 2752; x_wconf 80' lang='lat' dir='ltr'><strong>iudicaverint</strong></span> 
     </span>
     <span class='ocr_line' id='line_1_22' title="bbox 328 2793 1412 2879; baseline 0 -21"><span class='ocrx_word' id='word_1_176' title='bbox 328 2799 399 2858; x_wconf 89' lang='lat' dir='ltr'><strong>eum</strong></span> <span class='ocrx_word' id='word_1_177' title='bbox 421 2794 454 2863; x_wconf 87' lang='lat' dir='ltr'><strong>in</strong></span> <span class='ocrx_word' id='word_1_178' title='bbox 476 2816 510 2858; x_wconf 90' lang='lat' dir='ltr'><strong>se</strong></span> <span class='ocrx_word' id='word_1_179' title='bbox 532 2793 677 2858; x_wconf 83' lang='lat' dir='ltr'><strong>conferre</strong></span> <span class='ocrx_word' id='word_1_180' title='bbox 699 2794 807 2878; x_wconf 92' lang='lat' dir='ltr'><strong>quiin</strong></span> <span class='ocrx_word' id='word_1_181' title='bbox 829 2795 978 2860; x_wconf 81' lang='lat' dir='ltr'><strong>contione</strong></span> <span class='ocrx_word' id='word_1_182' title='bbox 998 2793 1120 2864; x_wconf 71' lang='lat' dir='ltr'><strong>&lt;litibus</strong></span> <span class='ocrx_word' id='word_1_183' title='bbox 1142 2794 1207 2858; x_wconf 80' lang='lat' dir='ltr'><strong>suis</strong></span> <span class='ocrx_word' id='word_1_184' title='bbox 1228 2815 1327 2879; x_wconf 79' lang='lat' dir='ltr'><strong>prava</strong></span> <span class='ocrx_word' id='word_1_185' title='bbox 1340 2815 1412 2858; x_wconf 82' lang='lat' dir='ltr'><strong>eue-</strong></span> 
     </span>
     <span class='ocr_line' id='line_1_23' title="bbox 234 2900 1412 2968; baseline 0 -4"><span class='ocrx_word' id='word_1_186' title='bbox 234 2915 237 2918; x_wconf 85' lang='grc'><strong>’</strong></span> <span class='ocrx_word' id='word_1_187' title='bbox 327 2900 425 2966; x_wconf 87' lang='lat' dir='ltr'><strong>deret.</strong></span> <span class='ocrx_word' id='word_1_188' title='bbox 469 2901 683 2966; x_wconf 79' lang='lat' dir='ltr'><strong>Confirmetur</strong></span> <span class='ocrx_word' id='word_1_189' title='bbox 706 2910 812 2966; x_wconf 83' lang='lat' dir='ltr'><strong>eutem</strong></span> <span class='ocrx_word' id='word_1_190' title='bbox 833 2901 911 2966; x_wconf 78' lang='lat' dir='ltr'><strong>haee</strong></span> <span class='ocrx_word' id='word_1_191' title='bbox 938 2901 1118 2968; x_wconf 78' lang='lat' dir='ltr'><strong>observatio</strong></span> <span class='ocrx_word' id='word_1_192' title='bbox 1147 2901 1306 2966; x_wconf 80' lang='lat' dir='ltr'><strong>nonnullis</strong></span> <span class='ocrx_word' id='word_1_193' title='bbox 1334 2902 1412 2966; x_wconf 84' lang='lat' dir='ltr'><strong>loeis</strong></span> 
     </span>
     <span class='ocr_line' id='line_1_24' title="bbox 327 3007 1439 3094; baseline -0.002 -20"><span class='ocrx_word' id='word_1_194' title='bbox 327 3007 522 3094; x_wconf 78' lang='lat' dir='ltr'><strong>Sophocleis.</strong></span> <span class='ocrx_word' id='word_1_195' title='bbox 568 3007 661 3074; x_wconf 82' lang='lat' dir='ltr'><strong>Salus</strong></span> <span class='ocrx_word' id='word_1_196' title='bbox 683 3009 767 3072; x_wconf 91' lang='lat' dir='ltr'><strong>enim</strong></span> <span class='ocrx_word' id='word_1_197' title='bbox 788 3008 982 3093; x_wconf 83' lang='lat' dir='ltr'><strong>reipublioee</strong></span> <span class='ocrx_word' id='word_1_198' title='bbox 1009 3019 1207 3094; x_wconf 74' lang='lat' dir='ltr'><strong>quantopere</strong></span> <span class='ocrx_word' id='word_1_199' title='bbox 1235 3009 1372 3094; x_wconf 75' lang='lat' dir='ltr'><strong>pendeat</strong></span> <span class='ocrx_word' id='word_1_200' title='bbox 1390 3024 1439 3072; x_wconf 73' lang='grc' dir='ltr'><strong>α’</strong></span> 
     </span>
     <span class='ocr_line' id='line_1_25' title="bbox 295 3114 1409 3239; baseline 0 -60"><span class='ocrx_word' id='word_1_201' title='bbox 295 3180 297 3239; x_wconf 54' lang='grc'>1</span> <span class='ocrx_word' id='word_1_202' title='bbox 327 3115 419 3182; x_wconf 83' lang='lat' dir='ltr'><strong>bonis</strong></span> <span class='ocrx_word' id='word_1_203' title='bbox 440 3114 580 3180; x_wconf 77' lang='lat' dir='ltr'><strong>consiliis</strong></span> <span class='ocrx_word' id='word_1_204' title='bbox 602 3115 642 3182; x_wconf 93' lang='lat' dir='ltr'><strong>de</strong></span> <span class='ocrx_word' id='word_1_205' title='bbox 663 3115 777 3201; x_wconf 86' lang='lat' dir='ltr'><strong>quibus</strong></span> <span class='ocrx_word' id='word_1_206' title='bbox 798 3137 900 3198; x_wconf 85' lang='lat' dir='ltr'><strong>nemo,</strong></span> <span class='ocrx_word' id='word_1_207' title='bbox 931 3117 1118 3202; x_wconf 76' lang='lat' dir='ltr'><strong>praesertim</strong></span> <span class='ocrx_word' id='word_1_208' title='bbox 1146 3118 1200 3202; x_wconf 89' lang='lat' dir='ltr'><strong>qui</strong></span> <span class='ocrx_word' id='word_1_209' title='bbox 1227 3118 1268 3182; x_wconf 80' lang='lat' dir='ltr'><strong>ed</strong></span> <span class='ocrx_word' id='word_1_210' title='bbox 1297 3115 1409 3200; x_wconf 86' lang='lat' dir='ltr'><strong>guber·</strong></span> 
     </span>
     <span class='ocr_line' id='line_1_26' title="bbox 243 3222 1413 3308; baseline -0.002 -18"><span class='ocrx_word' id='word_1_211' title='bbox 243 3231 252 3279; x_wconf 51' lang='lat' dir='ltr'><strong>l</strong></span> <span class='ocrx_word' id='word_1_212' title='bbox 327 3224 441 3290; x_wconf 78' lang='lat' dir='ltr'><strong>utenle</strong></span> <span class='ocrx_word' id='word_1_213' title='bbox 460 3222 653 3308; x_wconf 84' lang='lat' dir='ltr'><strong>reipublioee</strong></span> <span class='ocrx_word' id='word_1_214' title='bbox 681 3223 790 3292; x_wconf 76' lang='lat' dir='ltr'><strong>sedeat</strong></span> <span class='ocrx_word' id='word_1_215' title='bbox 797 3247 820 3307; x_wconf 57' lang='lat'><strong>‚⁴</strong></span> <span class='ocrx_word' id='word_1_216' title='bbox 833 3223 919 3288; x_wconf 85' lang='lat' dir='ltr'><strong>eivee</strong></span> <span class='ocrx_word' id='word_1_217' title='bbox 949 3223 1064 3288; x_wconf 85' lang='lat' dir='ltr'><strong>debeat</strong></span> <span class='ocrx_word' id='word_1_218' title='bbox 1093 3225 1210 3308; x_wconf 78' lang='lat' dir='ltr'><strong>celere,</strong></span> <span class='ocrx_word' id='word_1_219' title='bbox 1240 3224 1413 3296; x_wconf 81' lang='lat' dir='ltr'><strong>Creontem</strong></span> 
     </span>
     <span class='ocr_line' id='line_1_27' title="bbox 327 3331 957 3418; baseline 0.002 -23"><span class='ocrx_word' id='word_1_220' title='bbox 327 3331 449 3398; x_wconf 78' lang='lat' dir='ltr'><strong>inducit</strong></span> <span class='ocrx_word' id='word_1_221' title='bbox 470 3340 683 3416; x_wconf 85' lang='lat' dir='ltr'><strong>exponentem</strong></span> <span class='ocrx_word' id='word_1_222' title='bbox 704 3332 782 3396; x_wconf 88' lang='lat' dir='ltr'><strong>Ant.</strong></span> <span class='ocrx_word' id='word_1_223' title='bbox 807 3333 865 3398; x_wconf 76' lang='lat'><strong>178</strong></span> <span class='ocrx_word' id='word_1_224' title='bbox 887 3353 957 3418; x_wconf 87' lang='lat' dir='ltr'><strong>sqq.</strong></span> 
     </span>
     <span class='ocr_line' id='line_1_28' title="bbox 476 3427 1175 3524; baseline -0.001 -20"><span class='ocrx_word' id='word_1_225' title='bbox 476 3437 548 3523; x_wconf 77' lang='grc' dir='ltr'>ἐμοὶ</span> <span class='ocrx_word' id='word_1_226' title='bbox 569 3433 630 3524; x_wconf 83' lang='grc' dir='ltr'><strong>γὰρ</strong></span> <span class='ocrx_word' id='word_1_227' title='bbox 655 3429 745 3516; x_wconf 83' lang='grc' dir='ltr'><strong><em>ὅστις</em></strong></span> <span class='ocrx_word' id='word_1_228' title='bbox 766 3443 877 3506; x_wconf 79' lang='grc' dir='ltr'><strong><em>πᾶσαν</em></strong></span> <span class='ocrx_word' id='word_1_229' title='bbox 898 3427 1054 3505; x_wconf 71' lang='grc' dir='ltr'><strong><em>εὐθύνων</em></strong></span> <span class='ocrx_word' id='word_1_230' title='bbox 1074 3431 1175 3504; x_wconf 81' lang='grc' dir='ltr'><strong><em>πόλιν</em></strong></span> 
     </span>
     <span class='ocr_line' id='line_1_29' title="bbox 349 3537 1205 3632; baseline 0.001 -21"><span class='ocrx_word' id='word_1_231' title='bbox 349 3591 351 3600; x_wconf 86' lang='lat'>·</span> <span class='ocrx_word' id='word_1_232' title='bbox 475 3539 519 3632; x_wconf 85' lang='grc' dir='ltr'><strong>μὴ</strong></span> <span class='ocrx_word' id='word_1_233' title='bbox 540 3551 610 3612; x_wconf 80' lang='grc' dir='ltr'><strong>τῶν</strong></span> <span class='ocrx_word' id='word_1_234' title='bbox 630 3537 776 3632; x_wconf 70' lang='grc' dir='ltr'><strong><em>ἀρίστων</em></strong></span> <span class='ocrx_word' id='word_1_235' title='bbox 797 3537 939 3612; x_wconf 79' lang='grc' dir='ltr'><strong><em>ἅπτεται</em></strong></span> <span class='ocrx_word' id='word_1_236' title='bbox 959 3540 1205 3630; x_wconf 79' lang='grc' dir='ltr'><strong><em>βουλευμάτων,</em></strong></span> 
     </span>
     <span class='ocr_line' id='line_1_30' title="bbox 475 3644 1268 3740; baseline -0.004 -17"><span class='ocrx_word' id='word_1_237' title='bbox 475 3644 545 3724; x_wconf 72' lang='grc' dir='ltr'><strong>ἀλλ’</strong></span> <span class='ocrx_word' id='word_1_238' title='bbox 567 3654 604 3720; x_wconf 82' lang='grc' dir='ltr'><strong>ἐκ</strong></span> <span class='ocrx_word' id='word_1_239' title='bbox 626 3649 736 3736; x_wconf 82' lang='grc' dir='ltr'><strong><em>φόβου</em></strong></span> <span class='ocrx_word' id='word_1_240' title='bbox 758 3675 820 3720; x_wconf 81' lang='grc' dir='ltr'><strong>του</strong></span> <span class='ocrx_word' id='word_1_241' title='bbox 840 3659 992 3739; x_wconf 77' lang='grc' dir='ltr'><strong><em>γλῶσσαν</em></strong></span> <span class='ocrx_word' id='word_1_242' title='bbox 1014 3648 1171 3740; x_wconf 73' lang='grc' dir='ltr'><strong>ἐγκλῄσας</strong></span> <span class='ocrx_word' id='word_1_243' title='bbox 1193 3652 1268 3738; x_wconf 66' lang='grc' dir='ltr'><strong><em>ἔχει,</em></strong></span> 
     </span>
     <span class='ocr_line' id='line_1_31' title="bbox 477 3756 1200 3842; baseline -0.003 -14"><span class='ocrx_word' id='word_1_244' title='bbox 477 3756 631 3839; x_wconf 81' lang='grc' dir='ltr'><strong><em>κάκιστος</em></strong></span> <span class='ocrx_word' id='word_1_245' title='bbox 653 3759 819 3828; x_wconf 79' lang='grc' dir='ltr'><strong><em>εἶναινῦν</em></strong></span> <span class='ocrx_word' id='word_1_246' title='bbox 839 3787 877 3830; x_wconf 85' lang='grc' dir='ltr'><strong>τε</strong></span> <span class='ocrx_word' id='word_1_247' title='bbox 898 3764 955 3828; x_wconf 85' lang='grc' dir='ltr'><strong>καὶ</strong></span> <span class='ocrx_word' id='word_1_248' title='bbox 975 3756 1079 3828; x_wconf 76' lang='grc' dir='ltr'><strong><em>πάλαι</em></strong></span> <span class='ocrx_word' id='word_1_249' title='bbox 1100 3763 1200 3842; x_wconf 77' lang='grc' dir='ltr'><em>δοκεῖ,</em></span> 
     </span>
     <span class='ocr_line' id='line_1_32' title="bbox 327 3868 976 3956; baseline -0.003 -20"><span class='ocrx_word' id='word_1_250' title='bbox 327 3868 515 3954; x_wconf 72' lang='lat' dir='ltr'><strong>quibuscum</strong></span> <span class='ocrx_word' id='word_1_251' title='bbox 535 3872 562 3936; x_wconf 90' lang='lat' dir='ltr'><strong>si</strong></span> <span class='ocrx_word' id='word_1_252' title='bbox 584 3890 802 3956; x_wconf 77' lang='lat' dir='ltr'><strong>comparemus</strong></span> <span class='ocrx_word' id='word_1_253' title='bbox 824 3871 873 3936; x_wconf 79' lang='lat' dir='ltr'><strong>El.</strong></span> <span class='ocrx_word' id='word_1_254' title='bbox 899 3871 976 3936; x_wconf 73' lang='lat'>1047</span> 
     </span>
     <span class='ocr_line' id='line_1_33' title="bbox 425 3969 1356 4065; baseline 0 -19"><span class='ocrx_word' id='word_1_255' title='bbox 425 4011 427 4018; x_wconf 70' lang='lat'><em>,</em></span> <span class='ocrx_word' id='word_1_256' title='bbox 474 3983 597 4065; x_wconf 78' lang='grc' dir='ltr'><strong><em>βουλῆς</em></strong></span> <span class='ocrx_word' id='word_1_257' title='bbox 616 3972 679 4064; x_wconf 81' lang='grc' dir='ltr'><strong>γὰρ</strong></span> <span class='ocrx_word' id='word_1_258' title='bbox 701 3969 802 4046; x_wconf 70' lang='grc' dir='ltr'><strong><em>οὐδέν</em></strong></span> <span class='ocrx_word' id='word_1_259' title='bbox 823 3978 913 4046; x_wconf 78' lang='grc' dir='ltr'><strong><em>ἐστιν</em></strong></span> <span class='ocrx_word' id='word_1_260' title='bbox 934 3976 1051 4062; x_wconf 69' lang='grc' dir='ltr'><strong><em>ἔχθιον</em></strong></span> <span class='ocrx_word' id='word_1_261' title='bbox 1071 3982 1172 4064; x_wconf 77' lang='grc' dir='ltr'><strong><em>κακῆς</em></strong></span> <span class='ocrx_word' id='word_1_262' title='bbox 1354 4041 1356 4046; x_wconf 88' lang='grc'><em>,</em></span> 
     </span>
     <span class='ocr_line' id='line_1_34' title="bbox 327 4085 1413 4172; baseline 0 -22"><span class='ocrx_word' id='word_1_263' title='bbox 327 4095 359 4150; x_wconf 89' lang='lat' dir='ltr'><strong>et</strong></span> <span class='ocrx_word' id='word_1_264' title='bbox 379 4085 489 4172; x_wconf 80' lang='lat' dir='ltr'><strong>Eriph.</strong></span> <span class='ocrx_word' id='word_1_265' title='bbox 512 4087 551 4151; x_wconf 86' lang='lat' dir='ltr'><strong>fr.</strong></span> <span class='ocrx_word' id='word_1_266' title='bbox 573 4088 634 4152; x_wconf 80' lang='lat'><strong>204</strong></span> <span class='ocrx_word' id='word_1_267' title='bbox 656 4087 710 4168; x_wconf 76' lang='lat' dir='ltr'><strong>(of.</strong></span> <span class='ocrx_word' id='word_1_268' title='bbox 733 4109 829 4172; x_wconf 79' lang='lat' dir='ltr'><strong>supra</strong></span> <span class='ocrx_word' id='word_1_269' title='bbox 850 4109 880 4172; x_wconf 86' lang='lat' dir='ltr'><strong>p.</strong></span> <span class='ocrx_word' id='word_1_270' title='bbox 896 4087 962 4168; x_wconf 81' lang='lat'>39),</span> <span class='ocrx_word' id='word_1_271' title='bbox 985 4085 1046 4150; x_wconf 85' lang='lat' dir='ltr'><strong>hse</strong></span> <span class='ocrx_word' id='word_1_272' title='bbox 1066 4087 1243 4152; x_wconf 83' lang='lat' dir='ltr'><strong>sententiae</strong></span> <span class='ocrx_word' id='word_1_273' title='bbox 1264 4085 1413 4152; x_wconf 81' lang='lat' dir='ltr'><strong>videntur</strong></span> 
     </span>
     <span class='ocr_line' id='line_1_35' title="bbox 325 4192 1411 4280; baseline 0 -22"><span class='ocrx_word' id='word_1_274' title='bbox 325 4192 424 4262; x_wconf 80' lang='lat' dir='ltr'><strong>fluere</strong></span> <span class='ocrx_word' id='word_1_275' title='bbox 444 4216 485 4262; x_wconf 78' lang='lat' dir='ltr'><strong>ex</strong></span> <span class='ocrx_word' id='word_1_276' title='bbox 506 4195 629 4280; x_wconf 74' lang='lat' dir='ltr'><strong>petriee</strong></span> <span class='ocrx_word' id='word_1_277' title='bbox 649 4216 757 4260; x_wconf 77' lang='lat' dir='ltr'><strong>amore</strong></span> <span class='ocrx_word' id='word_1_278' title='bbox 779 4216 841 4279; x_wconf 90' lang='lat' dir='ltr'><strong>qno</strong></span> <span class='ocrx_word' id='word_1_279' title='bbox 863 4195 1003 4278; x_wconf 77' lang='lat' dir='ltr'><strong>optimus</strong></span> <span class='ocrx_word' id='word_1_280' title='bbox 1018 4195 1152 4280; x_wconf 86' lang='lat' dir='ltr'><strong>quisque</strong></span> <span class='ocrx_word' id='word_1_281' title='bbox 1167 4193 1411 4264; x_wconf 86' lang='lat' dir='ltr'><strong>Atheniensium</strong></span> 
     </span>
     <span class='ocr_line' id='line_1_36' title="bbox 325 4299 1410 4393; baseline 0.002 -29"><span class='ocrx_word' id='word_1_282' title='bbox 325 4299 539 4372; x_wconf 74' lang='lat' dir='ltr'><strong>inflammatus</strong></span> <span class='ocrx_word' id='word_1_283' title='bbox 562 4301 895 4393; x_wconf 73' lang='lat' dir='ltr'><strong>aegerrimeferebet,</strong></span> <span class='ocrx_word' id='word_1_284' title='bbox 918 4301 1003 4387; x_wconf 89' lang='lat' dir='ltr'><strong>quod</strong></span> <span class='ocrx_word' id='word_1_285' title='bbox 1025 4302 1141 4386; x_wconf 84' lang='lat' dir='ltr'><strong>epretie</strong></span> <span class='ocrx_word' id='word_1_286' title='bbox 1163 4301 1319 4368; x_wconf 89' lang='lat' dir='ltr'><strong>bonorum</strong></span> <span class='ocrx_word' id='word_1_287' title='bbox 1339 4323 1410 4368; x_wconf 85' lang='lat' dir='ltr'><strong>sen·</strong></span> 
     </span>
     <span class='ocr_line' id='line_1_37' title="bbox 326 4408 1412 4496; baseline 0.002 -24"><span class='ocrx_word' id='word_1_288' title='bbox 326 4409 434 4472; x_wconf 88' lang='lat' dir='ltr'><strong>tentiis</strong></span> <span class='ocrx_word' id='word_1_289' title='bbox 456 4430 556 4494; x_wconf 84' lang='lat' dir='ltr'><strong>prsva</strong></span> <span class='ocrx_word' id='word_1_290' title='bbox 569 4408 624 4474; x_wconf 81' lang='lat' dir='ltr'><strong>ille</strong></span> <span class='ocrx_word' id='word_1_291' title='bbox 639 4409 892 4476; x_wconf 83' lang='lat' dir='ltr'><strong>contionatorum</strong></span> <span class='ocrx_word' id='word_1_292' title='bbox 907 4409 1038 4475; x_wconf 83' lang='lat' dir='ltr'><strong>consilia</strong></span> <span class='ocrx_word' id='word_1_293' title='bbox 1052 4410 1115 4496; x_wconf 84' lang='lat' dir='ltr'><strong>qui,</strong></span> <span class='ocrx_word' id='word_1_294' title='bbox 1138 4419 1173 4473; x_wconf 91' lang='lat' dir='ltr'><strong>ut</strong></span> <span class='ocrx_word' id='word_1_295' title='bbox 1184 4409 1412 4475; x_wconf 77' lang='lat' dir='ltr'><strong>Demosthenis</strong></span> 
     </span>
    </p>
   </div>
   <div class='ocr_carea' id='block_1_3' title="bbox 0 0 1566 5176">
    <p class='ocr_par' dir='ltr' id='par_1_3' title="bbox 0 0 1566 5176">
     <span class='ocr_line' id='line_1_38' title="bbox 0 0 1566 5176; baseline 0 1"><span class='ocrx_word' id='word_1_296' title='bbox 0 0 1566 5176; x_wconf 95' lang='lat' dir='ltr'><strong> </strong></span> 
     </span>
    </p>
   </div>
  </div>
 </body>
</html>
