3126 5176
882 386 902 452 8

791 474 987 483 -—--——-

350 615 424 658 cum
447 590 604 658 eiusmodi
625 591 769 676 personis
799 587 981 654 tribuuntur
1009 609 1142 672 quarum
1170 587 1211 652 ab
1237 588 1345 656 indole
1365 589 1446 656 talia

345 723 479 788 prorsus
504 698 729 764 abhorreant:
757 719 799 761 an
827 695 902 783 quid
929 695 1085 761 inficetius
1107 718 1177 761 esse
1196 696 1325 762 videtur
1346 719 1444 783 quam

345 812 372 875 si
402 810 472 895 quis
503 806 598 872 heros
627 807 695 871 sive
724 827 836 870 servus
866 815 932 869 tam
962 805 1062 869 siccas
1092 814 1124 870 et
1145 805 1296 870 molestas
1317 805 1443 890 profert

345 913 642 982 considerationes?
686 913 808 979 Contra
837 912 1017 997 Aeschylus
1047 913 1102 998 qui
1130 935 1202 977 cum
1223 913 1439 998 sophistarum

347 1024 493 1090 doctrina
513 1031 642 1088 vacaret
659 1022 738 1086 adeo
755 1042 820 1085 non
842 1041 999 1084 novarum
1019 1041 1125 1084 rerum
1148 1030 1217 1085 erat
1239 1020 1381 1105 cupidus,
1403 1032 1441 1085 ut

344 1132 507 1218 profectus
521 1131 563 1194 ab
578 1128 734 1194 eiusmodi
748 1127 843 1193 rebus
866 1150 945 1214 quas
959 1149 1053 1192 nemo
1069 1149 1109 1192 ex
1124 1129 1357 1212 spectatoribus
1372 1150 1439 1193 non

345 1240 547 1324 intellegeret
561 1239 717 1303 maiorum
731 1239 865 1302 virtutes
885 1235 1031 1301 laudibus
1047 1236 1223 1321 extolleret,
1246 1257 1440 1322 quamquam

346 1357 378 1413 et
400 1349 469 1434 ipse
490 1347 607 1411 civium
628 1367 732 1410 mores
761 1343 935 1429 tragoediis
969 1344 1119 1410 studebat
1142 1346 1311 1430 corrigere,
1333 1355 1441 1410 tamen

346 1456 387 1522 ad
409 1457 485 1522 talia
507 1454 701 1520 descendere
722 1455 852 1519 minime
876 1453 1009 1519 debuit:
1032 1455 1193 1518 immores
1210 1453 1440 1518 etexheroica

345 1572 378 1628 et
400 1585 440 1626 ex
461 1584 520 1626 sua
540 1570 646 1626 aetate
668 1562 822 1646 repetitas
845 1561 999 1626 inunum
1021 1559 1255 1647 quodammodo
1277 1561 1438 1626 conterru-

345 1671 502 1736 minavit:
525 1690 624 1754 quare
646 1667 732 1754 quod
753 1666 795 1732 ad
813 1670 1029 1734 sinceritatem
1052 1670 1168 1734 attinet
1188 1669 1265 1733 artis
1286 1670 1438 1752 tragicae,

345 1779 542 1864 superiorem
562 1775 647 1840 haud
670 1775 765 1841 dubie
786 1775 940 1862 Euripide
961 1776 1086 1842 obtinet
1105 1778 1219 1842 locum.
1268 1776 1439 1842 Praeterea

344 1908 385 1951 ne
415 1885 448 1951 id
478 1884 606 1971 quidem
636 1894 713 1970 puto
742 1885 1059 1970 praetermittendum
1087 1886 1172 1950 locos
1202 1907 1281 1972 quos
1305 1885 1438 1950 dicimus

345 2015 527 2058 communes
558 1992 599 2057 ab
620 1992 783 2078 Aeschylo
805 1993 901 2058 choro
923 1996 1111 2080 plerumque
1131 1993 1229 2058 tribui
1250 2015 1289 2058 ac
1308 2015 1384 2075 non,
1405 1992 1437 2057 id

348 2101 433 2188 quod
449 2124 546 2188 saepe
559 2102 645 2188 apud
661 2102 849 2188 Euripidem
870 2104 1060 2187 invenimus,
1082 2104 1178 2168 inseri
1203 2104 1236 2168 in
1251 2101 1436 2187 dialogum:

347 2232 455 2296 quare,
478 2231 548 2274 cum
571 2211 705 2275 canticis
727 2231 823 2296 saepe
845 2233 912 2276 nou
932 2221 998 2277 tam
1020 2211 1147 2276 fabulae
1167 2212 1252 2276 actio
1274 2211 1436 2275 continue·

344 2327 397 2383 tur
427 2338 522 2404 quam
557 2319 770 2402 cogitationes
804 2340 877 2383 suas
908 2319 948 2384 de
978 2321 1016 2384 iis
1047 2341 1129 2405 quae
1156 2328 1295 2403 aguntur
1323 2316 1437 2382 chorus
1547 2299 1548 2322 ³

345 2427 531 2512 pronuntiet
551 2427 757 2512 saepiusque,
787 2435 823 2491 ut
844 2426 902 2510 fit,
931 2428 1112 2512 primariam
1136 2449 1205 2492 rem
1227 2447 1374 2510 egressus
1396 2424 1436 2489 ad

345 2535 408 2600 alia
429 2543 461 2599 et
481 2535 584 2619 magis
606 2535 769 2619 generalia
790 2534 932 2618 aberret,
962 2535 1150 2620 Aeschyleis
1179 2536 1240 2602 illis
1269 2533 1436 2600 sententiis

345 2642 479 2706 actionis
501 2663 685 2726 processum
706 2642 902 2727 interpellari
918 2644 1075 2709 immerito
1091 2644 1163 2729 quis
1179 2643 1318 2708 dixerit:
1340 2643 1436 2707 immo

347 2750 454 2814 omnia
475 2747 630 2814 eiusmodi
651 2749 737 2834 apud
751 2750 948 2836 Aeschylum
970 2752 1056 2816 intra
1077 2750 1217 2816 fabulam
1239 2760 1314 2816 sunt
1332 2752 1437 2836 posita

345 2879 449 2944 neque
471 2857 645 2943 quidquam
666 2857 809 2922 officiunt
830 2859 928 2923 colori
950 2859 995 2924 illi
1017 2858 1144 2922 heroico
1159 2879 1255 2943 quem
1269 2869 1305 2923 ut
1319 2880 1434 2942 cogno·

346 2966 463 3030 scimus
485 2967 518 3029 in
541 2965 657 3032 sabulis
673 2965 861 3052 Aeschyleis
883 2967 930 3030 ita
951 2968 984 3031 in
1006 2964 1188 3050 Euripideis
1209 2965 1434 3031 desideramus.

427 3073 519 3152 Quae
542 3073 784 3140 observationes
806 3083 842 3139 ut
862 3075 972 3160 paucis
994 3075 1040 3138 ita
1060 3072 1182 3138 idoneis
1205 3073 1358 3158 exemplis
1380 3095 1434 3138 suo

344 3181 415 3247 loco
438 3181 516 3248 mihi
538 3192 631 3248 erunt
652 3182 880 3248 inlustrandae.

428 3289 589 3369 Quoniam
610 3291 709 3375 igitur
730 3299 763 3355 et
786 3290 985 3375 Aeschyleae
1006 3291 1083 3356 artis
1106 3299 1139 3356 et
1159 3288 1352 3375 Euripideae
1373 3289 1433 3372 sig-

345 3395 493 3462 nificasse
513 3397 591 3462 mihi
613 3398 724 3464 videor
752 3399 983 3485 proprietates,
1014 3407 1132 3482 restat,
1162 3408 1198 3463 ut
1226 3397 1434 3482 Sophocleum

345 3514 448 3570 artem
485 3506 594 3590 paucis
629 3505 827 3570 adumbrem.
886 3506 996 3592 Atque
1030 3505 1205 3591 Sophocles
1244 3524 1435 3591 quamquam

347 3612 459 3678 eadem
480 3613 549 3678 fere
569 3623 676 3679 aetate
699 3635 762 3700 qua
782 3614 952 3698 Euripides
972 3613 1118 3696 florebat,
1140 3613 1182 3678 ab
1197 3634 1233 3678 eo
1249 3623 1358 3677 tamen
1371 3632 1434 3674 non

345 3722 449 3785 minus
471 3721 568 3805 longe
589 3721 687 3786 distat
703 3743 798 3808 quam
812 3722 854 3787 ab
869 3722 1041 3806 Aeschylo.
1085 3719 1167 3786 Cum
1183 3730 1300 3803 autem,
1322 3721 1350 3784 si
1365 3719 1433 3804 quis

346 3828 423 3892 dicit
445 3851 518 3894 eum
539 3829 686 3896 obtinere
705 3830 844 3894 medium
866 3831 950 3896 iuter
972 3828 1167 3912 Aeschylum
1196 3836 1229 3892 et
1249 3827 1433 3912 Euripidem

344 3936 459 4020 locum,
481 3937 542 4002 hoc
561 3939 666 4024 ipsum
680 3937 817 4004 fortasse
831 3939 935 4002 minus
949 3945 1037 4001 recte
1051 3935 1263 4020 intellegatur,
1279 3957 1433 4021 quaenam

345 4045 428 4109 ratio
449 4045 534 4110 inter
555 4045 748 4132 Sophoclem
769 4054 802 4111 et
823 4046 948 4110 illorum
969 4052 1140 4130 utrumque
1161 4043 1355 4122 intercedat,
1384 4065 1432 4108 ae·

347 4153 487 4217 curatius
509 4175 608 4238 cogor
629 4154 800 4240 explicare.
843 4151 975 4218 Periclis
1010 4153 1094 4216 enim
1121 4161 1227 4218 aetate
1248 4150 1432 4217 florentibus

346 4259 442 4325 rebus
473 4259 719 4326 Atheniensium
753 4280 825 4323 cum
865 4267 934 4323 tota
969 4259 1081 4324 civitas
1113 4259 1317 4346 amplissimis
1348 4259 1432 4343 pacis
