3126 5176
868 437 909 506 46

786 531 984 542 *nu-.—

381 631 453 711 ἄλλ’
470 636 488 711 ὃ
503 646 565 731 μὲν
579 629 641 712 οὖν
655 639 738 722 Ζεὺς
753 635 772 709 ὅ
786 647 816 711 τ’
834 634 1004 712 Ἀπόλλων
1018 647 1149 726 §bretol
1164 639 1276 711 καὶτὰ
1297 649 1431 732 βροτῶν

381 749 523 831 εἰδότες·
546 744 678 840 ἀνδρῶν
700 755 727 820 δ’
751 746 804 820 ὅτι
825 749 942 839 μάντις
962 755 1068 820 πλέον
1089 744 1109 840 ἢ
1130 748 1189 839 ’yet
1212 755 1348 839 φέρεται

380 865 484 948 κρίσις
506 852 568 928 οὐκ
590 860 680 929 ἔστιν
701 853 848 950 ἀληθής·
872 865 975 954 σοφίᾳ
996 865 1024 930 d
1046 855 1088 928 dv
1109 865 1233 946 σοφίαν

380 971 622 1056 παραμείψειεν
642 961 735 1057 ἀνήρ.

381 1070 452 1145 ἀλλ’
474 1069 593 1145 οὔποτ’
616 1077 710 1165 ἔγωγ’
731 1071 782 1160 ἂν,
803 1082 885 1166 πρὶν
905 1079 1003 1165 ἴδοιμ’
1026 1069 1136 1166 ὀρθὸν
1158 1077 1248 1159 ἔπος,

379 1189 602 1273 μεμφομένων
623 1181 665 1254 ἂν
685 1192 883 1276 καταφαίην,

340 1295 537 1382 eandemque
564 1297 632 1361 fere
659 1298 699 1362 de
727 1298 863 1362 oraculis
894 1297 1125 1362 dubitationem
1146 1296 1274 1361 Iocasta
1295 1317 1372 1381 prae
1394 1317 1430 1359 se

340 1403 403 1468 fert
425 1403 493 1470 ΟΒ.
518 1405 577 1470 707
601 1427 680 1491 sqq,
704 1406 759 1470 ubi
781 1405 941 1491 Oedipum
963 1405 1071 1470 studet
1091 1406 1206 1470 docere

935 1505 1035 1580 oivsx
1055 1512 1126 1580 ἐστί
1147 1532 1200 1579 οοι

537 1614 694 1707 βρότειον
714 1611 813 1688 οὐδὲν
833 1626 990 1708 μαντικῆς
1012 1619 1090 1706 ἔχον
1109 1622 1225 1708 τέχνης
1268 1621 1357 1703 (709)

340 1738 512 1813 monetque
533 1753 574 1795 ue
596 1731 730 1794 oraculis
745 1731 841 1796 fidem
855 1731 985 1814 tribuat,
1008 1731 1048 1794 of.
1064 1731 1126 1796 724
1140 1715 1264 1815 odrysio
1285 1721 1327 1794 ἂν
1346 1725 1431 1804 θεὸς

537 1840 652 1923 χρείαν
673 1837 791 1928 ἐρευνᾷ
813 1835 935 1928 ῥᾳδίως
956 1828 1058 1916 αὐτὸς
1081 1852 1187 1921 φανεῖ.

341 1943 464 2022 Quibus
485 1946 562 2010 loeis
583 1947 673 2010 salva
693 1948 834 2032 ipsorum
857 1947 988 2011 deorum
1002 1946 1066 2012 fide
1081 1949 1269 2033 exprimitur
1282 1945 1430 2010 humanis

341 2051 470 2116 deorum
493 2055 722 2140 interpretibus
744 2055 863 2120 nullam
883 2055 979 2120 fidem
1008 2053 1125 2120 deberi.
1175 2054 1272 2120 Cuius
1302 2063 1429 2118 senten-

340 2161 404 2224 tiae
436 2171 547 2226 tenore
576 2162 731 2226 adductus
758 2163 864 2227 facere
891 2184 957 2226 non
978 2184 1107 2246 possum
1129 2163 1207 2247 quin
1228 2162 1429 2246 Sophoclem,

340 2277 375 2331 ut
397 2269 450 2332 illo
480 2291 574 2354 quem
595 2291 692 2356 supra
720 2273 894 2336 memoravi
925 2273 969 2357 (p.
992 2272 1084 2336 2311.
1110 2272 1172 2354 16),
1200 2273 1246 2335 ita
1277 2269 1429 2335 hocloco

340 2375 477 2440 arbitrer
512 2377 652 2462 pendere
684 2379 917 2464 quodammodo
954 2379 994 2443 ab
1023 2379 1205 2464 Euripide:
1236 2399 1430 2464 quamquam

340 2483 433 2548 huius
455 2483 586 2549 deorum
608 2489 835 2572 contemptoris
851 2489 905 2572 qui
921 2489 1049 2552 omnino
1065 2486 1141 2551 deos
1157 2509 1226 2552 esse
1247 2487 1379 2570 negavit
1387 2487 1429 2569 ⁸¹)

339 2591 474 2656 multum
493 2593 575 2658 afuit
595 2603 631 2658 ut
650 2595 777 2679 longius
800 2605 985 2680 sequeretur
1006 2595 1151 2678 vestigia.
1201 2595 1254 2658 Ex
1283 2593 1430 2657 omnibus

339 2709 447 2764 autem
469 2701 583 2786 quibus
606 2701 645 2767 de
660 2703 858 2767 oraculorum
874 2704 1017 2767 vanitate
1031 2704 1139 2786 agitur
1153 2703 1231 2766 locis
1247 2701 1429 2786 Euripideis

339 2809 443 2872 nullus
467 2831 538 2873 cum
558 2809 745 2894 Sophocleis
767 2812 828 2876 illis
850 2813 1028 2875 accuratius
1059 2812 1199 2876 concinit
1227 2831 1323 2895 quam
1350 2809 1430 2873 haec

340 2915 440 2979 verba
461 2915 586 2982 Orestis
609 2917 673 2999 (El.
695 2918 756 2982 399
778 2918 841 3002 sq.)

864 3027 988 3105 Λοξίου
1008 3018 1071 3110 γὰρ
1093 3021 1230 3109 ἔμπεδοι

487 3133 636 3217 χρησμοὶ,
656 3135 790 3216 βροτῶν
811 3132 847 3197 δὲ
867 3126 1029 3219 μαντικὴν
1048 3134 1176 3220 χαίρειν
1198 3132 1251 3198 ὲᾶ.

423 3265 532 3348 Atque
554 3265 704 3349 quoniam
728 3265 768 3329 de
789 3265 835 3330 rei
856 3265 1003 3350 publicae
1024 3263 1237 3350 perditoribus
1252 3276 1300 3331 est
1315 3287 1428 3345 sermo,

340 3371 391 3435 hic
414 3371 501 3436 locus
524 3393 593 3436 esse
622 3373 748 3437 videtur
778 3374 976 3438 memorandi
998 3374 1181 3439 sodalitates
1203 3375 1272 3438 illas
1295 3374 1428 3459 optima-

340 3481 420 3543 tium
442 3475 614 3565 (ἑταιρίας)
638 3501 771 3566 quarum
794 3482 934 3546 obscuris
963 3482 1084 3546 artibus
1113 3483 1282 3568 populares
1304 3483 1429 3566 saepius

340 3589 482 3672 graviter
502 3589 702 3654 laborabant.
744 3589 829 3654 Nam
850 3592 877 3654 si
900 3592 970 3676 quis
985 3589 1148 3656 ¹eiusmodi
1165 3589 1342 3655 sodalitatis
1357 3611 1428 3676 par-

340 3697 441 3779 ticeps
463 3705 518 3760 aut
539 3695 692 3760 honorem
713 3697 845 3781 petebat
872 3707 928 3761 aut
957 3699 1095 3783 aliquem
1126 3700 1158 3761 in
1190 3699 1238 3762 ius
1260 3707 1430 3762 vocaverat

341 3812 396 3866 aut
418 3803 486 3887 ipse
506 3825 579 3868 reus
601 3813 678 3882 erat,
701 3803 826 3870 sodales
849 3827 920 3870 eum
942 3805 1102 3889 suffragiis
1132 3807 1196 3870 suis
1219 3807 1428 3891 omnibusque

340 3909 628 3975 machinationibus
651 3911 797 3977 solebant
818 3913 980 3978 adiuvare.
1024 3913 1096 3993 Qua
1116 3937 1153 3978 re
1173 3936 1244 3978 oum
1259 3937 1318 3978 usu
1332 3935 1427 3978 vene·

340 4017 391 4100 rit,
414 4028 449 4082 ut
471 4019 650 4104 quicunque
672 4021 868 4105 superiorem
889 4023 921 4084 in
943 4021 1106 4104 republica
1128 4023 1231 4086 locum
1253 4022 1383 4108 petebat
1399 4022 1429 4084 ei

409 4322 443 4394 ³²)
461 4326 495 4375 ei.
513 4326 558 4376 Ar.
577 4327 682 4378 Thosm.
701 4329 752 4379 450
770 4344 807 4393 sq.
