3126 5176
695 435 735 500 89

613 524 810 536 -—---s·--··-

165 639 294 703 heroioa
314 645 421 702 aetate
441 634 627 720 pendeant:
649 633 799 698 videntur
821 635 906 698 enim
928 635 968 698 ad
989 657 1095 700 rerum
1110 633 1257 698 domesti-

167 767 273 810 carum
296 755 422 810 tantum
443 765 552 809 curam
574 745 744 829 pertinere,
768 763 851 826 quae
873 745 954 807 sicut
976 741 1060 827 apud
1083 741 1259 805 Homerum

166 853 221 936 (cf.
252 857 283 918 Z
309 853 372 916 490
393 854 479 937 sqq.)
512 853 559 916 ita
590 852 767 936 posteriore
798 860 905 916 aetate
933 852 1063 935 propria
1092 849 1259 912 mulierum

166 970 234 1026 erat
255 961 430 1045 provincia,
453 980 536 1044 quae
550 968 585 1023 ut
602 979 698 1044 quam
713 959 833 1043 optime
848 957 1134 1040 administraretur,
1157 957 1258 1020 cuius·

165 1089 228 1153 que
248 1068 355 1132 meriti
383 1068 523 1131 maxime
553 1068 715 1130 intererat.
767 1065 930 1130 Alienatio
958 1075 1064 1134 autem
1093 1065 1147 1129 illa
1176 1065 1260 1128 inter

164 1195 280 1241 uxores
310 1184 343 1239 et
371 1176 503 1238 maritos
531 1183 675 1258 tempore
705 1171 899 1257 procedente
928 1170 1165 1256 adaugebatur,
1196 1191 1259 1256 quo

164 1283 268 1367 magis
289 1283 402 1366 vigere
423 1280 597 1364 incipiebat
617 1282 685 1344 vita
706 1280 816 1344 civilis.
858 1279 898 1342 In
920 1299 1069 1364 quacum
1084 1279 1260 1363 posteriore

165 1399 280 1468 aetate,
305 1391 448 1474 quisquis
469 1398 538 1453 erat
559 1409 634 1452 vere
650 1389 737 1470 civia,
760 1397 846 1452 totus
862 1396 1052 1470 versaretur,
1075 1386 1161 1451 domi
1179 1406 1258 1449 nun-

168 1519 263 1582 quam
286 1497 353 1560 fere
376 1505 518 1560 moratus
539 1497 601 1560 nisi
623 1517 696 1560 cum
720 1495 928 1581 tranquillum
949 1495 989 1559 ed
1012 1496 1151 1580 quietem
1173 1503 1259 1578 pete·

169 1604 226 1670 bat
247 1604 362 1686 locum,
384 1604 544 1686 mulieres,
564 1624 646 1689 quae
668 1602 708 1666 ab
731 1604 818 1667 omni
833 1603 919 1667 vitae
940 1601 1087 1688 publicae
1108 1602 1261 1664 societate

165 1713 261 1796 plane
281 1719 389 1775 essent
410 1719 561 1792 remotae,
582 1711 685 1792 magia
700 1711 866 1794 magisque
888 1709 1142 1792 neglegebantur
1163 1717 1260 1793 atque

166 1817 464 1884 contemnebantur.
509 1817 603 1896 Quod
625 1826 732 1882 autem
753 1815 849 1882 Hom.
873 1841 893 1881 α
914 1816 1057 1901 356sqq.
1079 1817 1147 1900 ipse
1168 1813 1258 1878 Tele-

165 1926 296 1992 machus
320 1947 392 1990 cum
414 1924 562 1989 omnibus
582 1924 767 1988 mulieribus
788 1934 856 1988 tum
871 1925 967 1988 matri
984 1945 1060 1988 suae
1074 1924 1261 2008 παρρησίαν

165 2032 292 2098 videtur
306 2032 499 2115 abiudicare,
515 2031 575 2096 hoc
589 2040 702 2117 postea
716 2033 747 2094 in
764 2031 968 2116 proverbium
983 2032 1100 2095 abiisse
1114 2039 1204 2115 patet
1220 2053 1259 2095 ex

165 2139 263 2226 Soph.
280 2140 332 2204 Ai.
345 2140 416 2224 293,
438 2140 494 2205 ubi
507 2139 682 2204 Tecmesse
695 2139 794 2204 refert
809 2139 941 2204 Aiacem
965 2139 1026 2204 sibi
1041 2139 1160 2204 dixisse
1181 2138 1260 2202 haec

560 2248 636 2330 tlal',
658 2240 726 2312 ciel
747 2248 775 2312 d
797 2238 1060 2332 ὑμνούμενα·

362 2348 468 2438 γύναι,
490 2356 618 2438 γυναιξὶ
639 2349 767 2438 κόσμον
787 2345 808 2440 ἡ
830 2348 904 2440 σιγὴ
925 2355 1028 2438 φέρει,

165 2459 354 2545 quibuscum
376 2461 416 2524 cf.
439 2461 524 2546 quod
546 2483 643 2544 supra
663 2483 694 2546 p.
717 2462 757 2525 72
779 2463 949 2546 perscripsi
972 2463 1077 2526 Acris.
1099 2462 1138 2526 fr.
1160 2465 1209 2527 61.

247 2569 339 2648 Quae
361 2590 433 2632 cum
462 2569 508 2632 ita
536 2579 660 2650 essent,
692 2569 816 2650 evenit,
847 2579 883 2633 ut
905 2570 975 2654 ipsa
995 2569 1049 2634 illa
1069 2579 1176 2634 aetate
1197 2592 1260 2655 qua

165 2676 268 2740 cultu
285 2685 383 2761 atque
414 2675 613 2740 humanitate
645 2675 889 2742 Atheniensium
929 2697 979 2740 res
1018 2677 1145 2761 publica
1176 2679 1260 2742 inter

168 2803 277 2847 omnes
299 2780 457 2848 Graeciae
479 2783 625 2872 civitates
647 2783 743 2865 longe
765 2783 942 2848 excellebat
971 2783 1125 2848 muliebre
1147 2805 1258 2868 genus,

165 2889 206 2954 ab
218 2889 272 2956 illa
285 2911 349 2974 qua
362 2891 454 2975 pueri
466 2899 498 2954 et
508 2889 729 2956 adulescentes
741 2891 888 2956 solebant
901 2891 1067 2955 informari
1083 2891 1260 2956 eruditione

165 2997 260 3082 plane
282 2999 445 3083 exclusum
468 3019 579 3084 eoque,
602 2999 687 3084 quod
710 2999 750 3063 ad
771 3019 875 3063 mores
898 2998 1089 3063 excolendos
1111 3001 1259 3084 pertinet,

165 3105 293 3188 saepius
309 3105 500 3190 neglectum,
523 3127 587 3169 non
604 3107 699 3171 modo
721 3129 787 3170 non
802 3106 951 3172 idoneum
966 3107 1139 3172 haberetur
1153 3107 1193 3171 ad
1208 3129 1259 3171 res

166 3213 275 3276 civiles
296 3222 404 3276 mente
424 3215 655 3298 percipiendas,
676 3215 733 3279 sed
756 3217 852 3280 etiam
873 3215 914 3280 ad
928 3235 1053 3279 morum
1068 3215 1260 3300 pravitatem

165 3320 258 3404 quasi
288 3329 404 3383 natura
432 3339 655 3404 propensum:
687 3343 750 3405 quc
779 3324 920 3406 pertinet
949 3322 1154 3407 proverbium
1183 3321 1259 3387 illud

166 3426 251 3510 quod
273 3425 448 3510 Sophocles
470 3427 641 3490 memoriae
662 3427 802 3511 prodidit
823 3429 861 3492 fr.
884 3429 947 3494 694

315 3525 437 3620 ὅρκους
458 3526 525 3618 ἐγώ
544 3527 701 3618 γυναικὸς
724 3535 771 3612 εἰς
791 3527 881 3622 ὕδωρ
902 3530 1029 3621 γράφω.

165 3639 280 3725 Itaque
311 3663 384 3705 cum
414 3641 534 3706 nullam
567 3641 635 3705 fere
672 3641 828 3707 haberent
864 3644 1036 3707 utilitatem
1066 3645 1129 3708 nisi
1160 3655 1195 3708 ut
1227 3653 1260 3709 et

165 3749 294 3831 generis
316 3749 517 3834 propagandi
537 3758 645 3814 essent
665 3750 832 3820 ministrae
853 3761 885 3815 et
906 3752 1047 3815 virorum
1068 3751 1260 3816 inservirent

164 3855 378 3940 voluptatill),
400 3878 420 3920 a
442 3859 573 3922 civitate
594 3857 675 3922 adeo
704 3867 795 3922 erant
826 3867 1033 3942 segregatae,
1064 3869 1099 3922 ut
1128 3879 1258 3942 perraro

165 3972 357 4026 vocarentur
377 3965 548 4041 πολίτιδες
570 3965 668 4050 (quae
689 3985 753 4028 vox
774 3986 838 4028 uno
860 3965 930 4028 loco
953 3964 1141 4050 Sophocleo,
1164 3963 1258 4028 inEl.

167 4069 256 4151 1227,
278 4071 463 4152 invenitur).
506 4071 580 4150 Qua
602 4093 673 4136 cum
695 4073 942 4156 contemptione,
974 4095 1056 4156 quae
1077 4081 1146 4136 erat
1167 4075 1258 4157 quasi

233 4293 267 4363 Μ)
287 4299 320 4347 cf.
340 4303 445 4364 praeter
463 4300 584 4367 exempla
601 4315 626 4368 p.
646 4305 678 4351 22
698 4317 724 4352 n.
747 4303 777 4350 14
795 4301 886 4353 adlata
903 4301 965 4350 Ant.
984 4303 1034 4351 648
1053 4315 1108 4368 sqq.
