3126 5176
876 459 917 526 86

795 541 991 553 ι--ιι-ι-Ι-

346 659 425 725 mihi
440 668 515 724 sunt
536 659 711 725 adicienda.
755 658 846 739 Quae
868 679 940 722 cum
960 657 1038 742 ipsis
1055 656 1223 742 Sophoclis
1244 659 1445 744 temporibus
1554 654 1555 702 l

347 768 487 832 maxime
507 765 652 845 floreret,
675 776 804 852 poetam
825 788 891 832 uon
914 767 1029 830 miram
1050 775 1100 829 est
1121 766 1273 830 virtutem
1293 767 1341 830 rei
1361 769 1445 832 mari

347 876 444 940 timae
475 895 620 959 quaeque
649 873 821 938 cohaerent
842 895 914 938 cum
936 872 991 936 illa
1011 881 1192 936 mercatura
1211 893 1445 958 nonnunquam

347 983 381 1045 in
409 979 526 1047 fabulis
547 983 702 1064 tetigisse.
753 980 869 1067 Neque
891 982 976 1046 enim
998 981 1031 1043 in
1054 981 1194 1044 carmine
1215 981 1269 1046 illo
1292 1002 1356 1065 quo
1377 983 1445 1045 vi'r-
1555 1040 1556 1064 q

347 1098 433 1153 tutes
454 1090 579 1174 patriae
601 1087 663 1152 sibi
684 1091 820 1173 sumpsit
835 1087 1042 1154 celebrandas
1064 1088 1111 1151 rei
1125 1088 1304 1151 maritimae
1319 1109 1447 1153 summa

347 1197 439 1262 deest
467 1197 555 1279 laus,
584 1197 680 1260 elin
708 1217 739 1260 v.
762 1197 820 1260 711
845 1195 1010 1281 epitheton
1032 1204 1137 1260 terrae
1151 1178 1153 1182 ¹
1166 1184 1378 1262 εὖθάλασσον
1412 1207 1446 1262 et

347 1305 561 1369 fervidissima
580 1305 635 1370 illa
655 1305 755 1369 verba
776 1304 851 1388 (616
873 1304 959 1390 sqq.)

389 1402 409 1476 ἃ
430 1412 457 1476 d
479 1402 658 1498 εὖήρετμος
680 1409 815 1496 ἔκπαγλ’
836 1402 913 1477 ἁλία
933 1414 1025 1498 χερσὶ
1045 1413 1288 1498 παραατομένα
1309 1405 1424 1478 πλάτα

389 1512 546 1604 θρῴσκει,
568 1523 639 1584 τῶν
660 1512 904 1603 ἓκατομαόδων

388 1619 553 1711 Νηρῄδων
573 1616 774 1703 ἀκόλουθος.

349 1731 474 1811 Quibus
497 1735 579 1797 sicut
600 1736 751 1798 universa
762 1734 1008 1798 Atheniensium
1030 1733 1193 1798 extollitur
1207 1755 1258 1797 res
1271 1735 1445 1818 maritima,

347 1841 394 1904 ita
415 1861 524 1904 eorum
549 1840 687 1905 inbelle
709 1841 817 1904 navali
838 1841 966 1904 virtutis
987 1842 1133 1925 quamvis
1156 1849 1242 1905 tecta
1261 1841 1446 1904 continetur
1557 1889 1558 1898 ,

347 1946 417 2010 laus
439 1946 570 2012 exordio
592 1948 677 2025 illius
699 1948 945 2015 Salaminiorum
968 1948 1084 2011 cantici
1106 1949 1172 2030 (Ai.
1195 1947 1256 2013 596
1278 1951 1364 2033 sqq.)

547 2040 575 2120 oi
595 2050 710 2122 κλεινὰ
731 2057 891 2141 Σαλαμὶς,
913 2049 954 2122 od
974 2056 1035 2140 μέν
1054 2079 1124 2121 που

546 2164 650 2240 ναίεις
671 2154 875 2240 dilatasses
897 2152 1072 2248 εὐδαίμων,

546 2273 650 2337 πᾶσιν
669 2271 877 2356 περὶφαντος
899 2270 963 2336 αἰεί
986 2295 993 2334 :

348 2395 440 2459 quae,
462 2385 687 2460 praeterquam
703 2376 788 2462 quod
802 2379 835 2440 in
847 2378 948 2442 Aiace
962 2377 1099 2440 vidimus
1114 2378 1239 2462 saepius
1251 2376 1446 2442 Salaminios

348 2481 502 2547 confundi
523 2505 595 2547 cum
618 2483 885 2568 Atheniensibus,
913 2483 1094 2548 revocanda
1116 2505 1185 2548 esse
1206 2483 1248 2548 ad
1269 2507 1321 2548 res
1343 2484 1446 2549 Athe-

347 2591 506 2655 niensium
528 2591 694 2656 evidenter
715 2600 858 2676 apparet,
881 2589 1023 2654 simodo
1046 2600 1169 2655 tantam
1184 2591 1355 2657 Salaminis
1377 2592 1445 2655 lau-

349 2696 511 2762 dationem
532 2700 718 2784 respicimus
740 2720 853 2783 parum
875 2698 969 2762 facile
985 2699 1129 2783 intellegi
1143 2700 1205 2762 nisi
1219 2698 1261 2763 ad
1275 2699 1446 2763 victoriam

347 2805 556 2872 Salaminiam
577 2828 659 2891 quse
680 2806 926 2871 Atheniensium
948 2807 1040 2871 classi
1057 2806 1233 2871 debebatur
1247 2805 1347 2870 verba
1359 2806 1444 2871 refe-

346 2922 469 2977 runtur.
531 2913 641 2998 Atque
674 2923 829 2999 quantum
861 2914 997 2979 valuerit
1028 2914 1113 2999 apud
1146 2915 1360 2979 Athenienses
1391 2937 1446 2979 res

347 3021 517 3104 maritima,
539 3021 609 3106 ipsa
629 3020 833 3086 multitudiue
864 3020 1020 3106 probatur
1047 3021 1173 3085 illarum
1201 3021 1446 3086 similitudinum

348 3147 431 3211 quae
452 3149 524 3191 cum
544 3128 630 3213 apud
651 3131 768 3194 multos
790 3137 903 3214 politas
926 3141 994 3192 tum
1008 3128 1093 3213 apud
1108 3127 1300 3214 Sophoclem
1320 3129 1445 3193 inveni-

347 3243 444 3300 untur
464 3236 516 3300 vel
537 3236 578 3300 ab
599 3238 669 3320 ipso
691 3239 771 3302 mari
793 3236 993 3322 navibusque
1022 3237 1073 3300 vel
1105 3236 1146 3300 ab
1168 3244 1238 3300 arte
1259 3236 1367 3300 navali
1387 3247 1447 3301 aut

348 3351 529 3408 mercatura
560 3345 769 3429 repetitaell)
800 3369 807 3409 :
840 3366 915 3408 nam
948 3365 1020 3408 cum
1052 3344 1135 3408 illius
1167 3343 1296 3429 quidem
1328 3345 1446 3409 aetatis

348 3458 464 3534 poetae
484 3450 587 3516 secuti
607 3451 785 3516 Homerum
812 3451 964 3516 adhibitis
994 3451 1254 3516 similitudinibus
1281 3451 1314 3515 id
1336 3450 1445 3515 stude-

348 3567 431 3640 rent,
452 3566 489 3622 ut
508 3579 653 3644 quaeque
674 3581 725 3623 res
747 3558 982 3644 spectatoribus
997 3559 1049 3622 vel
1069 3558 1241 3623 lectoribus
1262 3559 1367 3641 magis
1388 3579 1445 3643 pa·

348 3673 441 3749 teret,
464 3676 714 3732 consentaneum
736 3676 785 3731 est
807 3688 861 3731 eas
884 3688 952 3731 esse
973 3667 1127 3752 repetitas
1148 3665 1190 3730 ab
1212 3666 1250 3729 iis
1271 3666 1357 3729 vitae
1371 3686 1444 3749 par-

350 3772 445 3857 tibus,
468 3774 583 3859 quibus
605 3796 664 3838 usu
686 3773 846 3839 cotidiano
869 3795 980 3838 omnes
1001 3781 1108 3838 essent
1129 3774 1306 3838 exercitati.
1328 3808 1369 3820 —
1390 3772 1445 3836 Ex

349 3881 569 3965 negotiatione
589 3891 698 3946 autem
718 3882 880 3945 maritima
900 3903 972 3946 cum
993 3901 1131 3964 magnae
1152 3880 1307 3964 pecuniae
1324 3901 1443 3944 merca-

348 3987 472 4052 toribus
504 3987 627 4072 fierent,
659 3988 748 4054 brevi
781 3989 904 4067 evenit,
937 3999 973 4052 ut
1003 3986 1134 4052 divitiae
1161 4007 1319 4050 summum
1348 3987 1381 4049 in
1409 4005 1445 4049 re

419 4224 632 4294 ³⁶)Sophocless
659 4228 793 4294 congessit
819 4227 939 4294 Rappold
966 4228 994 4278 in
1018 4242 1105 4293 progr.
1123 4225 1194 4291 quod
1212 4223 1367 4276 inscribitur
1392 4223 1444 4273 Dis

352 4312 519 4364 Gleichnisse
531 4313 556 4364 b.
567 4314 662 4365 Aesch.
674 4313 753 4379 Soph.
766 4313 821 4364 und
834 4314 897 4364 Eur.
908 4321 976 4379 part.
987 4313 1021 4364 11.
1040 4312 1203 4378 Klagenfurt
1219 4313 1289 4360 1877.
1308 4325 1333 4374 p.
1346 4309 1376 4358 15
1387 4323 1442 4374 sqq,
