3126 5176
576 487 773 588 —Q—

124 691 186 754 bus
207 690 434 774 fungebantur.
477 682 593 777 ltaque
615 691 700 777 quod
721 652 916 775 Sophocles,
946 711 1018 754 cum
1049 691 1083 755 in
1111 691 1218 756 animo

124 797 244 862 habeat
264 797 484 862 demonstrare
505 813 650 884 tempore
666 799 794 864 demum
808 801 959 862 virtutem
974 797 1111 896 hominis
1131 819 1219 884 spec·

124 906 189 969 tari
222 905 279 988 (of.
312 905 373 971 OR
405 906 504 990 614),
537 905 620 970 hano
653 907 846 972 sententiam
879 907 925 970 sio
958 907 1110 991 exprimit
1141 908 1219 971 Ant.

126 1012 188 1077 175
209 1034 279 1098 sqq.

276 1109 447 1203 ἀμήχανον
468 1119 503 1185 δὲ
525 1114 654 1197 παντὸς
674 1110 796 1205 ἀνδρὸς
818 1119 980 1205 ἐκμαθεῖν

275 1223 385 1313 ψυχήν
406 1251 442 1294 τε
464 1230 521 1294 καὶ
542 1223 697 1314 φρόνημα
719 1231 774 1294 καὶ
787 1223 938 1314 .γνα’μην,
960 1230 1041 1314 πρὶν
1061 1219 1103 1294 ἂν

275 1325 390 1418 ἀρχαῖς
411 1359 448 1400 τε
470 1337 526 1400 καὶ
547 1330 701 1420 νόμοισιν
720 1329 869 1422 ἐντριβὴς
891 1339 989 1420 φανῇ,
1054 1383 1057 1390 .
1091 1406 1094 1413 ,

124 1442 188 1506 hoc
209 1443 279 1506 sine
300 1441 398 1506 dubio
420 1465 460 1506 ex
481 1443 602 1508 liberae
623 1443 819 1528 reipublicae
839 1443 911 1507 fluit
930 1445 1070 1528 ingenio,
1101 1445 1134 1507 in
1156 1466 1221 1531 qua

123 1550 297 1633 unicuique
318 1551 435 1614 civium
456 1550 592 1615 facultas
611 1560 681 1615 erat
703 1551 792 1615 facta
813 1540 928 1635 ἀρχαῖς
948 1573 985 1616 σε
1010 1552 1067 1616 καὶ
1088 1543 1220 1636 νόμοισι

124 1677 217 1720 suam
237 1657 388 1720 virtutem
409 1657 578 1741 probandi.
621 1658 741 1724 Similis
774 1657 833 1721 sub
858 1657 1006 1723 Creontis
1028 1659 1090 1723 illis
1111 1659 1219 1723 verbis

124 1763 220 1847 (Ant.
241 1763 301 1827 661
325 1766 388 1849 sq.)

275 1869 312 1935 ἐν
331 1883 404 1948 τοῖς
424 1865 486 1956 γὰρ
509 1871 681 1938 οἰκείοισιν
702 1863 793 1948 ὅστις
816 1869 881 1938 ἔστ’
903 1861 986 1957 ἀνὴρ

272 1973 424 2064 χρηστὸς,
445 1993 602 2062 φανεῖται
620 1969 685 2044 κᾶν
705 1973 805 2045 πόλει
827 1981 953 2056 δίκαιος
975 1971 1024 2045 ὤν

123 2089 205 2152 latet
226 2089 415 2152 sententia:
446 2109 521 2151 nam
549 2087 644 2172 fingit
673 2089 701 2152 si
722 2109 787 2152 non
811 2089 959 2152 omnibus
981 2098 1089 2152 tamen
1109 2087 1219 2151 multis

124 2194 311 2258 facultatem
349 2217 419 2260 esse
459 2196 492 2258 in
523 2195 619 2260 rebus
652 2196 796 2260 civilibus
829 2217 901 2260 cum
933 2195 1028 2260 laude
1058 2195 1218 2260 versandi.

127 2301 302 2366 Praeterea
323 2301 441 2366 locutio
464 2300 497 2367 οἱ
519 2301 557 2367 ἐν
570 2303 659 2368 τέλει
680 2325 744 2388 qua
758 2305 791 2366 in
807 2305 883 2367 Ant.
902 2304 952 2368 66.
975 2302 1056 2367 Phil.
1072 2303 1142 2368 385.
1157 2303 1219 2367 925

123 2410 148 2472 ii
170 2407 391 2492 significantur
412 2432 511 2495 penes
534 2432 613 2495 quos
636 2431 761 2474 summa
781 2412 814 2473 in
829 2409 993 2497 republica
1008 2411 1049 2474 sit
1063 2419 1217 2496 potestas,

123 2515 166 2580 ad
188 2525 302 2600 poetae
322 2527 467 2602 tempora
487 2517 706 2582 videturesse
734 2517 933 2601 revocanda,
963 2517 1078 2602 quibus
1108 2537 1219 2581 omnes

122 2624 333 2710 magistratus
354 2624 408 2688 illo
429 2626 558 2688 nomine
579 2625 726 2689 solebant
748 2623 983 2710 comprehendi.

208 2729 317 2815 Atque
337 2731 579 2814 magistratibus
601 2731 847 2796 Atheniensium
868 2753 962 2796 nemo
984 2733 1113 2816 ignorat
1133 2753 1218 2796 anno

124 2847 238 2901 exacto
259 2837 425 2902 subeunda
445 2839 545 2903 luisse
560 2829 698 2922 εὔθυνα,
721 2841 768 2904 ita
782 2849 818 2904 ut
835 2839 877 2904 ad
891 2840 1049 2904 rationem
1064 2839 1219 2924 pecuniae

123 2943 271 3028 publicae
291 2947 443 3028 revocati,
465 2947 493 3009 si
514 2945 636 3010 fraudis
658 2957 750 3011 erant
772 2948 922 3030 convicti,
944 2949 977 3010 in
998 2947 1048 3010 ius
1065 2967 1217 3011 vocaren-

123 3061 186 3114 tur.
237 3049 342 3129 Quem
370 3073 491 3117 morem
518 3053 695 3139 Sophocles
723 3056 757 3118 in
789 3055 990 3139 tragoediam
1019 3055 1106 3118 illam
1137 3075 1219 3139 quae
1258 3118 1280 3135 Α

123 3158 360 3223 inscribebatur
382 3160 549 3244 Polyxena
570 3161 697 3227 videtur
718 3163 928 3227 transtulisse.
972 3161 1045 3240 Qua
1062 3163 1096 3226 in
1109 3161 1219 3226 fabula

123 3267 152 3329 si
173 3268 357 3350 respicimus
379 3277 485 3332 actum
508 3291 579 3333 esse
600 3269 641 3334 de
662 3269 861 3335 dissensione
882 3269 937 3334 illa
958 3291 1053 3354 quam
1075 3267 1116 3332 de
1130 3289 1218 3355 exer·

124 3373 206 3436 citus
231 3373 429 3458 profectione
461 3375 549 3440 fama
573 3376 698 3441 ferebat
719 3377 818 3441 fuisse
838 3378 923 3441 inter
943 3377 1220 3460 Agamemnonem

124 3489 157 3543 et
184 3478 366 3544 Menelaum
399 3481 455 3564 (cf.
478 3483 595 3548 Strabo
617 3483 661 3568 X,
683 3505 714 3568 p.
735 3483 830 3568 470),
861 3505 902 3548 ex
923 3483 1110 3549 defensione
1131 3484 1218 3567 Aga-

122 3583 300 3652 memnonis
322 3609 404 3673 quae
425 3591 606 3655 continetur
628 3591 666 3655 fr.
688 3591 752 3656 470

273 3685 314 3759 οὗ
333 3691 396 3781 γάρ
417 3720 468 3774 τις
490 3689 534 3763 ἂν
553 3691 691 3764 δύναιτο
713 3691 892 3784 πρῳρατὴς
916 3703 1062 3784 στρατοῦ

270 3815 342 3880 τοῖς
362 3811 444 3870 πᾶσι
465 3805 568 3884 δεῖξαι
589 3807 645 3870 καὶ
667 3806 893 3890 προσαρκέσαι
914 3800 1030 3891 χάριν·

271 3908 345 3976 ἐπεὶ
369 3901 439 3976 οὐδ’
463 3902 481 3976 ὁ
504 3911 668 3996 κρείσσων
688 3905 771 3988 Ζεὺς
792 3910 874 3995 ἐμοῦ
895 3913 1067 3997 τυραννίδι

271 4007 342 4081 οὔτ’
363 4016 580 4103 ἒξεκομβρῶν
601 4009 673 4084 οὔτ’
695 4011 908 4102 ἒπαυχμήσας
930 4019 1036 4100 φίλος,

270 4129 405 4208 βροτοῖς
426 4127 454 4190 ὅ
475 4119 518 4191 ἂν
538 4119 681 4192 ἐλθών
702 4125 744 4202 ἐς
765 4119 895 4209 λόγον
917 4127 1036 4212 δίκην
1057 4118 1196 4210 ὄφλοι,

270 4235 344 4308 πῶς
365 4233 434 4318 δῆτ’
456 4231 551 4318 eor
572 4225 615 4298 tv
634 4227 762 4319 θνητὸς
785 4223 834 4296 viv
855 4237 982 4318 θνητῆς
1002 4256 1040 4299 τε
1062 4228 1126 4315 φὺς

270 4332 348 4428 Διὸς
369 4341 526 4426 γενοίμην
546 4329 583 4406 εὖ
606 4353 745 4424 φρονεῖν
769 4333 964 4425 σοφώτερος
971 4365 984 4419 ,·

971 4456 1042 4524 5*-
