3126 5176
769 413 965 510 *qe*

322 611 381 696 dis,
404 613 490 698 quod
512 613 686 699 Sophocles
717 615 749 678 in
771 614 900 680 Electra
922 612 1047 680 Orestis
1075 611 1163 675 illum
1192 610 1314 674 inducit
1340 631 1417 694 pae-

321 720 494 805 dagogum,
517 742 557 786 ne
578 720 611 786 id
632 722 760 807 quidem
782 744 854 786 cum
868 722 1016 787 heroicae
1036 720 1150 784 aetatis
1173 718 1313 783 moribus
1329 717 1419 781 vide·

321 838 373 893 tur
394 830 570 902 concinere.
613 829 699 895 Nam
721 831 781 894 etsi
803 828 887 915 apud
903 821 1080 893 Homerum
1094 847 1323 910 nonuunquam
1337 827 1419 908 legi-

322 957 393 1000 mus
414 957 527 1020 regum
548 937 621 1002 filiis
642 946 804 1022 spectatos
826 937 912 1001 viros
935 936 1035 999 nobili
1056 936 1125 1000 loco
1148 945 1241 998 natos
1262 943 1420 1016 tanquam

323 1053 463 1108 rectores
486 1055 517 1109 et
540 1045 770 1128 gubernatores
793 1045 896 1109 fuisse.
913 1045 1122 1129 praepositos,
1145 1044 1197 1107 ille
1217 1053 1326 1106 tamen
1347 1062 1420 1105 mos

323 1173 386 1236 quo
416 1173 528 1216 servus
550 1153 662 1237 aliquis
683 1152 785 1216 fidelis
815 1151 981 1237 pedisequi
1002 1173 1172 1236 puerorum
1192 1171 1325 1232 munere
1346 1149 1420 1213 fun-

322 1259 460 1342 gebatur
480 1258 521 1322 ad
543 1261 722 1344 posteriora
742 1269 828 1323 certe
848 1268 994 1345 tempora
1015 1257 1201 1322 referendus
1223 1266 1281 1321 est.

403 1366 525 1430 Verum
553 1377 588 1430 ut
617 1389 654 1431 eo
681 1367 792 1432 redeat
818 1366 902 1430 unde
933 1365 1064 1430 deflexit
1085 1367 1203 1448 oratio,
1237 1365 1350 1449 capitis
1372 1364 1421 1428 illi

325 1475 534 1540 deminutioni
564 1463 706 1564 (ἀτιμία)
737 1476 828 1559 quasi
857 1475 1050 1538 contrarium
1080 1482 1164 1554 erat,
1194 1471 1280 1557 quod
1307 1473 1334 1534 si
1363 1473 1421 1556 qui

324 1584 531 1668 magistratus
562 1582 613 1646 vel
646 1592 808 1647 senatores
840 1583 1010 1666 praecipue
1042 1581 1081 1645 de
1113 1603 1148 1644 re
1179 1579 1307 1665 publica
1337 1579 1422 1643 bene

325 1699 418 1754 erant
438 1691 553 1772 meriti,
576 1691 614 1753 iis
636 1689 763 1754 reddita
782 1691 907 1753 ratione
929 1710 1066 1754 coronae
1087 1709 1203 1752 aureae
1223 1696 1260 1750 ut
1281 1687 1426 1770 insignia

323 1797 426 1862 laudis
456 1797 583 1882 publice
612 1797 740 1881 saepius
772 1795 996 1860 tribuebantur
1007 1796 1057 1872 Π).
1112 1794 1206 1874 Quod
1235 1795 1427 1878 plerumque

208 1980 212 1989 Ι
255 1897 259 1903 ’
324 1904 423 1982 fiebat
445 1903 557 1969 diebus
580 1904 672 1968 festis
694 1913 725 1968 et
747 1905 779 1967 in
802 1903 928 1968 theatro
949 1925 1011 1988 quo
1027 1912 1154 1986 praeter
1168 1902 1324 1966 urbanam
1345 1902 1426 1964 civi-

325 2021 426 2078 tatem
457 2033 577 2096 magna
607 2032 807 2097 paganorum
848 2010 1017 2076 multitudo
1058 2009 1181 2074 solebat
1221 2030 1425 2074 concursare.

327 2119 424 2186 Unde
444 2111 595 2184 videntur
616 2119 757 2204 pendere
779 2119 926 2184 Electrae
947 2118 1047 2182 verba
1067 2118 1117 2182 ΕΙ.
1140 2117 1202 2182 982
1224 2139 1271 2200 sq.

476 2220 556 2292 τώδ’
578 2227 614 2292 ὲν
635 2227 671 2292 θ’
694 2223 825 2312 ἑορταῖς
847 2225 883 2292 ἓν
903 2250 940 2292 τε
962 2219 1124 2310 πανδήμῳ
1146 2219 1244 2290 πόλει

476 2339 575 2419 τιμᾶν
598 2326 748 2411 ἅπαντας
771 2325 881 2400 οὕνεκ’
904 2323 1058 2419 ἀνδρείας
1078 2327 1187 2418 χρεών

326 2464 386 2506 nec
407 2443 511 2508 minus
533 2443 710 2507 Haemonis
731 2443 785 2527 qui
806 2443 883 2506 Ant.
897 2442 959 2507 699
979 2463 1049 2506 eam
1072 2462 1155 2526 quae
1176 2440 1284 2504 fratris
1307 2460 1425 2522 corpus

329 2552 461 2616 canibus
484 2563 516 2616 et
537 2550 716 2616 vulturibus
739 2548 922 2634 sepeliendo
954 2549 1105 2633 eripuerit
1124 2538 1222 2627 α’ξίαν
1248 2568 1318 2610 esso
1345 2545 1426 2610 dicit

325 2663 478 2745 χρυσῆς
506 2662 628 2744 τιμῆς
655 2662 776 2741 λαχεῖν.

343 2833 350 2844 ,
411 2767 571 2846 Quoniam
592 2767 691 2850 igitur
712 2765 753 2830 de
774 2766 913 2830 civitatis
936 2763 1098 2828 beneficiis
1128 2753 1345 2827 deminutione
1373 2783 1423 2824 or-

256 2871 262 2882 ”
327 2877 487 2939 namentis
509 2895 591 2959 quae
612 2895 691 2958 opus
713 2895 783 2938 esse
803 2874 872 2937 visa
902 2881 976 2936 sunt
1006 2871 1190 2953 memoravi,
1220 2868 1260 2934 de
1281 2870 1319 2933 iis
1341 2889 1425 2953 quae

328 2979 369 3045 ad
392 2981 508 3044 civium
532 2979 777 3044 Atheniensium
797 2981 959 3064 pertinent
981 2978 1084 3042 officia
1106 2977 1257 3062 deinceps
1278 2975 1356 3040 mihi
1374 2986 1424 3040 est

329 3085 566 3172 disputandum.

415 3195 465 3258 Ac
479 3195 618 3279 primum
633 3193 761 3278 quidem
776 3193 875 3258 verba
888 3193 966 3258 mihi
987 3191 1135 3257 facienda
1156 3201 1231 3256 sunt
1253 3191 1299 3255 de
1320 3190 1423 3254 mili·

329 3304 395 3385 tia,
418 3303 468 3366 cui
491 3302 576 3365 cives
598 3303 749 3384 universi,
771 3302 875 3364 minus
897 3322 993 3386 quam
1007 3299 1071 3364 LX
1085 3321 1187 3364 annos
1201 3300 1278 3382 nati,
1301 3297 1421 3380 obliga-

250 3415 252 3420 '
330 3410 448 3474 bantur
470 3411 611 3495 exceptis
633 3411 671 3474 iis
694 3410 748 3495 qui
770 3409 897 3474 inutiles
920 3418 1011 3473 erant
1031 3408 1072 3472 ad
1094 3429 1183 3472 arma
1202 3429 1239 3470 ae
1258 3415 1424 3492 praeterea

329 3517 435 3602 priore
456 3517 584 3602 quidem
607 3526 713 3582 aetate
732 3518 770 3580 iis
793 3517 900 3601 quiin
923 3525 1038 3600 quarta
1060 3515 1187 3581 Solonis
1211 3515 1312 3578 classe
1333 3517 1424 3578 erant

330 3625 512 3709 conscripti.
555 3625 606 3689 Ac
637 3623 678 3687 de
707 3623 821 3687 militia
852 3623 990 3707 equestri
1011 3622 1112 3704 infra,
1133 3643 1205 3686 cum
1226 3620 1267 3685 de
1287 3621 1423 3704 liturgiis

398 3855 432 3925 ⁴⁷)
453 3859 526 3922 Quas
545 3861 710 3911 consuetudo
729 3860 800 3910 barud
818 3859 898 3911 dubie
916 3860 1041 3911 cohaeret
1069 3873 1129 3908 cum
1156 3855 1279 3923 opinione
1302 3855 1348 3907 illa
1373 3873 1423 3920 qua

331 3944 358 3996 in
377 3960 475 3997 corona
493 3946 719 3998 consecrationem
738 3945 870 4011 quandum
891 3961 948 3996 esse
964 3944 1077 4010 positam
1090 3943 1124 3995 ab
1138 3943 1262 3993 omnibus
1274 3942 1421 4007 putabatur.

331 4031 390 4092 Quo
409 4037 514 4098 spectat
531 4032 602 4098 quod
621 4039 727 4098 praeter
744 4033 894 4082 sacerdotes
911 4031 1082 4096 magistratus
1101 4034 1226 4091 oratores,
1245 4027 1291 4092 qni
1308 4026 1422 4093 proficis-

330 4117 460 4168 cebantur
479 4119 616 4168 oraculum
635 4118 752 4184 petituri,
771 4123 797 4168 st
816 4117 867 4182 ipsi
885 4131 1008 4167 coronam
1033 4114 1084 4164 sibi
1110 4115 1143 4165 ad
1168 4119 1249 4179 caput
1273 4111 1422 4163 accomoda·

331 4202 397 4253 bant
415 4219 493 4268 quam
512 4211 571 4269 post
589 4203 703 4255 reditum
721 4204 825 4254 demum
845 4201 966 4253 solebant
984 4201 1130 4266 deponere:
1149 4215 1202 4264 qua
1214 4199 1246 4249 de
1258 4214 1287 4250 re
1299 4199 1333 4248 ci.
1346 4197 1420 4264 Soph.

332 4288 379 4341 ΟΒ
396 4291 436 4339 83.
455 4289 549 4340 Traoh.
572 4293 627 4340 178.
