3126 5176
659 491 700 556 69

134 689 349 774 explicatione
369 711 451 776 quae
472 690 514 755 ad
536 692 640 776 ipsam
662 713 730 755 rem
751 711 786 754 se
806 689 956 775 adplicat.
1008 689 1072 770 Qui
1095 691 1226 776 „benc“‚

134 798 239 882 inquit
261 796 354 879 (Lex.
375 797 474 882 hloph.
497 796 540 880 11,
564 799 657 880 738),
693 799 758 883 „sic
779 798 948 882 Antigona
970 798 1142 863 Creontem
1163 797 1228 884 lad·
1297 815 1300 822 ’

134 902 254 990 pellatl,
287 904 327 968 ad
360 925 454 990 quem
476 905 609 969 Eteocle
628 907 732 969 occiso
764 907 984 991 imperium
1017 908 1136 992 quasi
1164 918 1225 972 tu·

133 1013 397 1076 multuarium
419 1011 559 1077 delatum
582 1023 660 1095 crat,
682 1014 787 1078 minus
810 1013 864 1078 illa
886 1035 982 1098 quam
1004 1014 1118 1079 chorus
1140 1037 1228 1080 reve·

132 1129 252 1200 rentur,
274 1119 359 1204 apud
381 1141 475 1205 qucm
496 1113 650 1200 βασιλεὺς
669 1113 782 1206 χώρας
804 1121 895 1185 audit
916 1121 949 1184 in
971 1142 1001 1184 v.
1026 1120 1114 1186 155ss

219 1227 378 1306 Quoniam
402 1247 506 1290 sermo
529 1237 577 1291 cst
596 1227 636 1291 de
658 1229 846 1317 στρατηγίᾳ,
868 1229 1047 1292 minutioris
1068 1229 1125 1311 rei,
1148 1249 1230 1314 quac

134 1357 207 1400 cum
229 1336 290 1400 boc
310 1336 500 1424 magistratu
524 1333 703 1417 cohaereat,
725 1333 786 1398 hoc
806 1335 877 1400 loco
893 1334 1010 1400 faciam
1023 1336 1228 1400 mentionem.

134 1443 187 1507 Ai.
210 1443 294 1507 enim
318 1443 398 1507 1232
420 1463 490 1528 sqq.
521 1451 618 1526 potita
646 1441 925 1526 Agamemnonem
955 1442 1077 1506 inducit
1103 1441 1228 1507 Teucro

134 1551 260 1614 crimini
287 1549 416 1614 dantem
448 1549 534 1635 quod
561 1549 750 1614 Atridarum
779 1549 937 1614 detrectet
965 1551 1148 1635 imperium,
1168 1551 1229 1616 uis

132 1657 239 1722 verbis

282 1755 410 1830 xorius
433 1758 707 1850 στρατηγοὺς
730 1755 830 1830 οὔτε
852 1758 1095 1850 ναυάρχους
1114 1769 1230 1850 μολεῖν

283 1865 367 1958 ἡμᾶς
393 1863 533 1957 Ἀχαιῶν
552 1865 631 1938 οάτε
652 1877 714 1940 σοῦ
735 1867 901 1957 demadem,

283 1971 355 2045 ἀλλ’
378 1970 482 2056 οὗτὸς
504 1969 626 2065 άρχοον,
648 1970 694 2057 ὡς
715 1974 756 2046 οὐ
778 1974 850 2064 φῂς,
872 1979 958 2057 Αἴας
981 1977 1083 2046 ἔπλει.

134 2087 242 2152 Voces
265 2097 372 2151 autem
396 2079 474 2152 odes
497 2080 701 2172 orpuroyoic
730 2078 808 2152 odos
838 2082 1025 2173 ναυάρχους
1056 2088 1146 2173 quasi
1168 2089 1230 2154 sol·

133 2196 283 2259 lemniter
304 2203 473 2278 usurpatas
497 2216 562 2258 non
584 2194 696 2258 dubito
718 2195 795 2279 quin
817 2202 913 2282 po'eta
940 2217 980 2259 ex
1010 2215 1087 2260 suae
1115 2195 1230 2261 aetatis

133 2301 276 2366 moribus
297 2303 492 2387 repetiverit.
535 2301 621 2366 Nam
654 2301 729 2366 belli
761 2302 894 2366 Troiani
927 2303 1125 2388 temporibus
1153 2303 1230 2389 quid

45 2409 48 2414 ’
133 2411 288 2475 intererat
316 2411 400 2474 inter
429 2402 634 2494 στρατηγοὺς
663 2419 696 2474 et
725 2403 940 2495 ναυάρχουςῖ
989 2409 1114 2476 Herces
1145 2411 1229 2476 enim

134 2539 209 2582 suas
231 2517 367 2602 quisquc
388 2517 496 2600 copias
525 2515 661 2580 navibus
690 2513 890 2580 advexerant
918 2516 1079 2602 iidemque
1111 2517 1229 2584 bollum
1290 2599 1294 2606 ι

134 2633 287 2688 terrestre
320 2623 597 2687 administrabant.
652 2621 761 2687 Nihilo
799 2633 907 2687 tamen
946 2625 1051 2688 minus
1080 2627 1228 2690 coniunc-

134 2732 275 2796 tionibus
303 2721 505 2797 odra-odra
537 2731 599 2795 duo
629 2733 754 2816 imperii
783 2753 903 2814 genera
931 2753 1084 2818 expresse
1113 2732 1230 2797 discer-

133 2849 264 2904 nuntur.
308 2839 402 2918 Quod
424 2859 476 2903 me
498 2838 627 2924 quidem
650 2838 754 2903 iudico
776 2839 932 2924 explicari
953 2860 1019 2905 non
1042 2849 1149 2925 potest
1168 2840 1231 2904 nisi

133 2949 347 3032 posteriorum
369 2957 548 3032 temporum
570 2946 712 3011 moribus
734 2945 897 3012 adhibitis.
941 2947 992 3012 Ac
1006 2949 1084 3012 satis
1103 2955 1230 3011 constat

133 3064 248 3138 postea
269 3055 354 3140 apud
374 3054 646 3120 Lacedaemonios
668 3056 816 3120 classium
838 3055 935 3120 duces
962 3054 1138 3140 adpellatos
1161 3075 1231 3120 esse

132 3156 321 3250 ναύαρχους
332 3213 341 3246 ,
378 3183 450 3227 cum
482 3162 730 3227 Atheniensium
765 3173 797 3228 ct
829 3162 1034 3228 terrestribus
1066 3163 1166 3248 copiis
1198 3171 1231 3227 et

132 3270 301 3334 navalibus
323 3279 511 3355 praeessent
532 3272 719 3356 στρατηγοί.
775 3269 947 3335 Praeterea
981 3272 1008 3334 si
1041 3270 1228 3355 respicimus

133 3377 266 3442 Aiacem
289 3388 322 3442 et
335 3378 496 3442 Teucrum
512 3377 643 3442 Ionicae
664 3379 771 3462 gentis
793 3379 844 3442 vcl
862 3379 969 3462 potius
984 3376 1229 3442 Atheniensium

132 3495 240 3570 partes
261 3485 409 3567 tueri⁴¹),
442 3494 556 3550 contra
585 3484 719 3549 Atridas
748 3485 981 3568 Peloponnesi,
1009 3504 1106 3570 quam
1133 3491 1230 3568 poeta

132 3592 233 3657 fuisse
254 3602 321 3657 tum
339 3594 453 3677 ⁴ipsum
483 3593 578 3676 fingit
600 3593 754 3657 Doricam
764 3589 817 3676 4³),
850 3613 920 3656 csse
948 3593 1039 3676 quasi
1067 3601 1228 3676 patronos,

112 3761 115 3766 Α
133 3699 257 3764 Teucer
279 3721 350 3764 cum
372 3699 490 3765 dixerit
511 3700 644 3765 Atridas
665 3721 736 3765 esse
760 3689 897 3783 Ἀχαιῶν
911 3691 1230 3784 οοουοοτρατηχοὶς

133 3828 238 3892 neque
259 3802 454 3892 ναυάρχους,
477 3807 527 3872 his
549 3807 656 3872 verbis
675 3805 799 3871 Atridis
814 3805 915 3870 voluit
929 3803 1112 3889 significare
1125 3822 1230 3889 nequo

133 3913 315 3979 Ionicarum
337 3913 481 3999 gentium
502 3937 607 4000 neque
628 3913 836 3996 Doricarum,
865 3913 885 3976 i.
908 3935 935 3976 e.
957 3911 1078 3975 nullum
1100 3911 1229 3974 omnino

134 4021 244 4086 deberi
259 4023 427 4106 imperium
442 4047 450 4086 ι
465 4043 539 4086 nam
562 4023 693 4086 notione
709 4009 846 4104 Ἀχαιῶν
867 4020 994 4104 utrique
1016 4019 1228 4082 continentur.

201 4267 235 4335 ⁴²)
254 4271 285 4319 V.
304 4286 384 4335 supra
402 4287 426 4335 p.
446 4275 475 4320 21
496 4287 521 4320 n.
544 4275 582 4322 13.

201 4351 235 4420 ⁴⁸)
255 4356 288 4405 cl.
307 4356 430 4407 Goeckcr
446 4371 471 4421 p.
493 4361 522 4406 17
541 4371 596 4421 sqq.
