3126 5176
888 497 909 564 2

352 702 451 766 fuisse
471 700 559 784 volgi
581 701 796 784 expectationi
817 701 894 763 satir
924 701 1125 785 perspicuum
1154 711 1203 766 est
1225 725 1232 764 :
1259 725 1335 769 narn
1357 705 1441 771 aliud
1490 717 1495 730 '

351 819 401 874 est
423 809 562 874 carmine
593 808 683 892 epico
714 829 765 872 res
795 817 903 890 gestas
931 807 1132 892 describere,
1163 809 1249 875 aliud
1275 813 1442 896 tragoedia

351 919 437 1002 ipsos
459 914 602 979 homines
624 913 775 978 inducere
796 924 939 997 agentes.
981 914 1096 1000 Neque
1112 917 1195 985 enim
1215 917 1284 992 fieri
1305 929 1441 1004 poterat,
1553 909 1554 914 ἵ

349 1034 386 1088 ut
407 1046 459 1088 res
481 1025 515 1088 in
536 1044 632 1087 scena
650 1031 752 1102 actae,
783 1045 823 1086 ex
852 1022 967 1106 quibus
997 1032 1124 1107 praeter
1152 1026 1274 1089 aurium
1304 1027 1441 1092 oblecta·

350 1121 460 1196 menta
489 1131 529 1196 ad
559 1152 665 1194 mores
697 1129 882 1194 formandos
904 1129 1043 1194 fructum
1065 1130 1224 1215 quendam
1246 1144 1441 1217 spectatores

349 1241 567 1325 perciperent,
598 1239 694 1302 altius
714 1239 828 1302 animis
857 1259 966 1302 eorum
997 1237 1200 1303 inhaererent
1227 1241 1289 1303 nisi
1317 1250 1440 1325 poetae,
1553 1233 1554 1246 ¹

349 1370 412 1434 quo
435 1368 581 1433 quaeque
601 1369 653 1410 res
675 1345 801 1410 facilius
823 1345 1071 1428 intellegeretur,
1093 1355 1149 1410 aut
1166 1355 1270 1411 mores
1286 1348 1442 1433 quosdam
1480 1342 1483 1346 ’

349 1464 381 1520 et
402 1457 550 1520 instituta
572 1477 612 1519 ex
634 1475 692 1518 sua
713 1463 819 1518 aetate
841 1455 874 1517 in
896 1453 1024 1517 heroica
1046 1464 1191 1539 tempora
1205 1456 1442 1521 transferebant

348 1573 405 1628 aut
426 1565 572 1647 personis
594 1561 765 1647 agentibus
789 1560 904 1626 eorum
920 1563 1067 1652 notitiam
1089 1565 1209 1647 passim
1223 1563 1441 1648 adfingebant,
1553 1587 1554 1600 ¹

348 1673 395 1735 ita
415 1681 451 1736 ut
473 1693 527 1736 eas
548 1671 674 1755 saepius
696 1679 880 1755 promerent
901 1670 1086 1753 sententias,
1109 1671 1223 1756 quibus
1245 1671 1285 1737 ab
1301 1673 1440 1756 ipsorum

348 1781 416 1844 vita
448 1778 608 1850 cotidiana
636 1798 807 1862 rerumque
842 1777 1111 1862 contemplatione
1143 1781 1288 1864 repetitis
1318 1790 1438 1864 specta·

349 1897 455 1953 torum
469 1889 567 1952 animi
580 1886 801 1952 vehementius
815 1899 1029 1954 moverentur.
1072 1889 1186 1975 Neque
1200 1891 1305 1980 miuus
1319 1893 1442 1977 patriae
1553 1913 1554 1930 ¹

264 2065 265 2069 ,
350 1987 461 2064 amore
480 2004 592 2082 poetas
615 1997 741 2081 saepius
763 1995 918 2060 adductos
942 2019 1025 2079 esse,
1055 2006 1091 2061 ut
1118 2007 1173 2062 aut
1200 1999 1286 2082 ipsas
1317 1998 1442 2066 fabulas
1536 2049 1544 2064 .

349 2103 616 2171 transformarent
637 2114 692 2170 aut
713 2127 764 2170 res
787 2104 941 2190 quasdam
973 2103 1013 2170 ab
1044 2104 1172 2170 heroica
1194 2115 1300 2170 aetate
1322 2107 1441 2172 alienas
1494 2162 1497 2169 .
1553 2119 1554 2196 J

350 2213 549 2280 extrinsecus
570 2211 734 2295 inferrent,
756 2214 841 2276 inter
862 2234 970 2280 omnes
993 2222 1128 2278 constat.

433 2319 505 2398 Quo
526 2318 572 2402 tit,
595 2329 630 2384 ut
651 2321 685 2384 in
706 2321 823 2387 Atticis
845 2319 1020 2403 tragoediis
1048 2319 1177 2384 heroica
1203 2330 1349 2404 tempora
1369 2321 1439 2404 plus
1553 2361 1554 2392 2

352 2429 497 2496 minusve
519 2429 645 2513 sapiant
667 2428 770 2492 Attici
790 2429 930 2512 ingenii,
962 2429 1106 2494 similiter
1127 2439 1224 2514 atque
1246 2428 1352 2494 Plauti
1373 2428 1439 2513 pal·
1553 2449 1554 2464 ¹

349 2536 434 2610 liatis
456 2537 614 2620 permulta
636 2535 791 2602 eiusmodi
813 2557 894 2621 quae
922 2536 962 2600 ad
990 2553 1095 2600 mores
1115 2536 1332 2600 Romanorum
1352 2557 1437 2619 spec·

349 2653 419 2710 tent
440 2645 584 2711 videmus
608 2645 742 2710 intexta.
786 2643 858 2710 Nec
879 2654 986 2709 tamen
1008 2667 1048 2708 ex
1071 2653 1156 2708 certo
1179 2642 1315 2729 quodam
1332 2649 1439 2726 poeta·

349 2773 419 2820 rum
452 2753 583 2818 consilio
616 2752 695 2816 haec
729 2753 834 2816 omnia
865 2751 963 2818 flucre
994 2754 1124 2816 necesse
1157 2761 1206 2816 est
1232 2760 1438 2818 statuamus:

346 2860 442 2928 immo
457 2859 599 2942 fortuito,
621 2869 658 2922 ut
674 2859 794 2926 Atticis
809 2861 940 2941 tragicis
954 2859 1110 2939 Atticum,
1131 2859 1246 2922 Plauto
1261 2841 1440 2922 Romanum

347 2967 513 3049 ingenium
533 2967 660 3051 penitus
683 2974 753 3032 erat
775 2966 917 3046 insitum,
940 2964 1017 3028 talia
1038 2984 1193 3048 persaepe
1213 2966 1246 3028 in
1267 2965 1392 3031 fabulas
1407 2986 1441 3028 se
1553 2949 1554 3000 l

346 3075 527 3141 insinuasse
546 3072 631 3138 baud
652 3071 864 3158 improbabile
885 3081 943 3138 est.
1098 3068 1101 3075 ’
1357 3087 1361 3094 ·

400 3258 402 3263 ¹
428 3183 538 3268 Atque
569 3191 605 3248 ut
637 3191 692 3246 aut
725 3182 852 3266 saepius
883 3189 939 3248 aut
968 3181 1070 3248 rarius
1091 3180 1144 3244 isti
1165 3179 1314 3245 licentiae
1334 3189 1441 3264 potest
1553 3173 1554 3178 ’

347 3290 524 3375 indulgeri,
560 3300 659 3376 utque
688 3288 849 3364 inserendi
878 3289 955 3354 talia
983 3289 1017 3354 in
1045 3287 1226 3358 fabularum
1255 3296 1440 3378 contextum
1553 3265 1554 3340 l

348 3400 552 3483 suaeuique,
576 3396 661 3483 quod
684 3407 733 3462 est
755 3399 821 3462 eius
844 3397 1017 3481 ingenium,
1040 3396 1202 3482 patetvia
1223 3396 1373 3474 ceratio,
1394 3395 1439 3458 ita
1553 3441 1554 3446 η

347 3508 432 3572 inter
464 3516 529 3574 tres
562 3506 633 3570 illos
664 3505 910 3572 Atheniensium
941 3513 1053 3590 poetas
1085 3505 1226 3587 tragicos
1257 3523 1381 3568 summa
1408 3501 1440 3564 in
1553 3573 1554 3588 ,

349 3615 409 3680 bac
445 3636 481 3679 re
522 3613 667 3678 videmus
698 3613 896 3685 intercedere
927 3612 1129 3694 discrimina,
1163 3631 1234 3674 cum
1267 3607 1441 3694 Sophocles
1553 3591 1554 3670 l

292 3704 297 3722 ¹
349 3732 500 3808 sequatur
521 3723 679 3788 rationem
701 3743 784 3806 quae
805 3722 902 3806 longe
923 3720 1020 3786 distet
1042 3729 1074 3784 et
1095 3717 1136 3782 ab
1152 3716 1334 3802 Aeschylea
1354 3724 1387 3782 et
1400 3714 1441 3782 ab
1480 3759 1483 3764 -

349 3830 524 3917 Euripidae
545 3855 552 3894 :
584 3852 668 3916 quae
694 3839 804 3898 tamen
835 3832 918 3896 inter
939 3851 1060 3896 senon
1081 3828 1185 3891 minus
1207 3825 1303 3909 longe
1325 3824 1439 3892 discre-

348 3949 436 4024 pant.
488 3938 578 4018 Quae
610 3937 883 4006 dissimilitudines
913 3939 941 4021 si
969 3937 1149 4022 quaerimus
1174 3933 1260 3998 unde
1290 3933 1440 4013 oriantur,

348 4056 474 4130 praeter
503 4049 644 4131 ipsorum
674 4047 877 4130 ingeniorum
911 4044 1129 4110 diversitatem
1158 4041 1294 4127 primum
1326 4038 1440 4124 quibus

346 4153 541 4238 temporibus
570 4175 643 4225 suas
672 4155 809 4238 quisque
840 4151 1023 4235 tragoedias
1054 4149 1295 4234 conscripserit,
1325 4145 1440 4212 deinde

347 4261 449 4345 qualis
471 4263 623 4346 cuiusque
643 4262 678 4324 in
698 4283 733 4328 re
754 4259 885 4346 publica
906 4259 1049 4343 gerenda
1069 4258 1165 4328 fuerit
1196 4255 1350 4336 condicio,
1372 4274 1440 4318 ma·

346 4370 432 4434 xime
453 4391 567 4434 censeo
589 4391 659 4436 esse
680 4367 927 4454 respiciendum.
