<?xml version="1.0" encoding="UTF-8"?>
<!DOCTYPE html PUBLIC "-//W3C//DTD XHTML 1.0 Transitional//EN"
    "http://www.w3.org/TR/xhtml1/DTD/xhtml1-transitional.dtd">
<html xmlns="http://www.w3.org/1999/xhtml" xml:lang="en" lang="en">
 <head>
  <title>
</title>
<meta http-equiv="Content-Type" content="text/html;charset=utf-8" />
  <meta name='ocr-system' content='tesseract 3.04.00' />
  <meta name='ocr-capabilities' content='ocr_page ocr_carea ocr_par ocr_line ocrx_word'/>
</head>
<body>
  <div class='ocr_page' id='page_1' title='image "./sophoclesquemad00beckgoog_0091.png"; bbox 0 0 3126 5176; ppageno 0'>
   <div class='ocr_carea' id='block_1_1' title="bbox 866 439 909 506">
    <p class='ocr_par' dir='ltr' id='par_1_1' title="bbox 866 439 909 506">
     <span class='ocr_line' id='line_1_1' title="bbox 866 439 909 506; baseline 0 0"><span class='ocrx_word' id='word_1_1' title='bbox 866 439 909 506; x_wconf 81' lang='lat'>84</span> 
     </span>
    </p>
   </div>
   <div class='ocr_carea' id='block_1_2' title="bbox 339 639 1498 736">
    <p class='ocr_par' dir='ltr' id='par_1_2' title="bbox 339 639 1498 736">
     <span class='ocr_line' id='line_1_2' title="bbox 339 639 1498 736; baseline -0.001 -29"><span class='ocrx_word' id='word_1_2' title='bbox 339 643 474 721; x_wconf 84' lang='lat' dir='ltr'>missae,</span> <span class='ocrx_word' id='word_1_3' title='bbox 507 662 590 726; x_wconf 89' lang='lat' dir='ltr'>quae</span> <span class='ocrx_word' id='word_1_4' title='bbox 620 661 679 725; x_wconf 93' lang='lat' dir='ltr'>pro</span> <span class='ocrx_word' id='word_1_5' title='bbox 708 660 767 704; x_wconf 82' lang='lat' dir='ltr'>sua</span> <span class='ocrx_word' id='word_1_6' title='bbox 797 659 943 724; x_wconf 81' lang='lat' dir='ltr'>quaeque</span> <span class='ocrx_word' id='word_1_7' title='bbox 972 639 1102 704; x_wconf 76' lang='lat' dir='ltr'>civitate</span> <span class='ocrx_word' id='word_1_8' title='bbox 1129 649 1185 705; x_wconf 88' lang='lat' dir='ltr'>aut</span> <span class='ocrx_word' id='word_1_9' title='bbox 1212 661 1305 706; x_wconf 87' lang='lat' dir='ltr'>sacra</span> <span class='ocrx_word' id='word_1_10' title='bbox 1325 639 1437 706; x_wconf 86' lang='lat' dir='ltr'>dehita</span> <span class='ocrx_word' id='word_1_11' title='bbox 1494 728 1498 736; x_wconf 22' lang='grc' dir='ltr'>ι</span> 
     </span>
    </p>
   </div>
   <div class='ocr_carea' id='block_1_3' title="bbox 323 747 1439 3731">
    <p class='ocr_par' dir='ltr' id='par_1_3' title="bbox 339 747 1437 1046">
     <span class='ocr_line' id='line_1_3' title="bbox 339 747 1437 832; baseline -0.001 -17"><span class='ocrx_word' id='word_1_12' title='bbox 339 751 483 816; x_wconf 82' lang='lat' dir='ltr'>iacerent</span> <span class='ocrx_word' id='word_1_13' title='bbox 504 757 560 812; x_wconf 89' lang='lat' dir='ltr'>aut</span> <span class='ocrx_word' id='word_1_14' title='bbox 574 747 703 813; x_wconf 87' lang='lat' dir='ltr'>oracula</span> <span class='ocrx_word' id='word_1_15' title='bbox 718 756 874 832; x_wconf 88' lang='lat' dir='ltr'>peterent.</span> <span class='ocrx_word' id='word_1_16' title='bbox 918 747 1009 827; x_wconf 83' lang='lat' dir='ltr'>Quae</span> <span class='ocrx_word' id='word_1_17' title='bbox 1025 747 1220 812; x_wconf 88' lang='lat' dir='ltr'>consuetudo</span> <span class='ocrx_word' id='word_1_18' title='bbox 1235 748 1437 832; x_wconf 89' lang='lat' dir='ltr'>significatur</span> 
     </span>
     <span class='ocr_line' id='line_1_4' title="bbox 340 854 1435 939; baseline -0.003 -14"><span class='ocrx_word' id='word_1_19' title='bbox 340 857 400 925; x_wconf 78' lang='lat'>00</span> <span class='ocrx_word' id='word_1_20' title='bbox 421 857 492 939; x_wconf 79' lang='lat'>413,</span> <span class='ocrx_word' id='word_1_21' title='bbox 514 855 570 919; x_wconf 93' lang='lat' dir='ltr'>uhi</span> <span class='ocrx_word' id='word_1_22' title='bbox 593 854 719 939; x_wconf 78' lang='lat' dir='ltr'>Oedipo</span> <span class='ocrx_word' id='word_1_23' title='bbox 741 856 971 938; x_wconf 72' lang='lat' dir='ltr'><strong>interroganti,</strong></span> <span class='ocrx_word' id='word_1_24' title='bbox 1002 854 1087 920; x_wconf 88' lang='lat' dir='ltr'>unde</span> <span class='ocrx_word' id='word_1_25' title='bbox 1108 854 1285 920; x_wconf 86' lang='lat' dir='ltr'>defuturis</span> <span class='ocrx_word' id='word_1_26' title='bbox 1307 855 1435 922; x_wconf 81' lang='lat' dir='ltr'>&#39;lheba-</span> 
     </span>
     <span class='ocr_line' id='line_1_5' title="bbox 339 961 1236 1046; baseline -0.001 -17"><span class='ocrx_word' id='word_1_27' title='bbox 339 985 454 1030; x_wconf 92' lang='lat' dir='ltr'>norum</span> <span class='ocrx_word' id='word_1_28' title='bbox 474 962 571 1028; x_wconf 91' lang='lat' dir='ltr'>rebus</span> <span class='ocrx_word' id='word_1_29' title='bbox 593 963 710 1027; x_wconf 77' lang='lat' dir='ltr'>certior</span> <span class='ocrx_word' id='word_1_30' title='bbox 731 962 818 1026; x_wconf 84' lang='lat' dir='ltr'>facte</span> <span class='ocrx_word' id='word_1_31' title='bbox 839 963 892 1045; x_wconf 85' lang='lat' dir='ltr'>sit,</span> <span class='ocrx_word' id='word_1_32' title='bbox 914 961 1043 1028; x_wconf 78' lang='lat' dir='ltr'>Ismene</span> <span class='ocrx_word' id='word_1_33' title='bbox 1063 963 1236 1046; x_wconf 73' lang='lat' dir='ltr'>respondet</span> 
     </span>
    </p>

    <p class='ocr_par' dir='ltr' id='par_1_4' title="bbox 339 1060 1436 1351">
     <span class='ocr_line' id='line_1_6' title="bbox 488 1060 1234 1156; baseline 0.001 -21"><span class='ocrx_word' id='word_1_34' title='bbox 488 1061 621 1156; x_wconf 78' lang='grc' dir='ltr'><strong><em>ἀνδρῶν</em></strong></span> <span class='ocrx_word' id='word_1_35' title='bbox 650 1074 830 1156; x_wconf 82' lang='grc' dir='ltr'><strong><em>θεωρῶν</em></strong></span> <span class='ocrx_word' id='word_1_36' title='bbox 850 1072 1013 1156; x_wconf 81' lang='grc' dir='ltr'><strong><em>Δελφικῆς</em></strong></span> <span class='ocrx_word' id='word_1_37' title='bbox 1034 1060 1093 1152; x_wconf 72' lang='grc' dir='ltr'>ἀφ’</span> <span class='ocrx_word' id='word_1_38' title='bbox 1115 1067 1234 1148; x_wconf 73' lang='grc' dir='ltr'><strong><em>ἑστίας,</em></strong></span> 
     </span>
     <span class='ocr_line' id='line_1_7' title="bbox 339 1176 1436 1263; baseline -0.004 -17"><span class='ocrx_word' id='word_1_39' title='bbox 339 1189 373 1246; x_wconf 90' lang='lat' dir='ltr'>et</span> <span class='ocrx_word' id='word_1_40' title='bbox 394 1179 455 1246; x_wconf 79' lang='grc' dir='ltr'>ΟΒ</span> <span class='ocrx_word' id='word_1_41' title='bbox 478 1178 546 1262; x_wconf 85' lang='grc'><strong>114,</strong></span> <span class='ocrx_word' id='word_1_42' title='bbox 567 1177 622 1242; x_wconf 93' lang='lat' dir='ltr'>ubi</span> <span class='ocrx_word' id='word_1_43' title='bbox 643 1177 751 1244; x_wconf 80' lang='lat' dir='ltr'>Creon</span> <span class='ocrx_word' id='word_1_44' title='bbox 770 1199 845 1242; x_wconf 90' lang='lat' dir='ltr'>cum</span> <span class='ocrx_word' id='word_1_45' title='bbox 866 1176 1012 1263; x_wconf 86' lang='lat' dir='ltr'>Oedipo,</span> <span class='ocrx_word' id='word_1_46' title='bbox 1043 1178 1098 1242; x_wconf 94' lang='lat' dir='ltr'>ubi</span> <span class='ocrx_word' id='word_1_47' title='bbox 1118 1177 1216 1242; x_wconf 87' lang='lat' dir='ltr'>Laius</span> <span class='ocrx_word' id='word_1_48' title='bbox 1238 1179 1280 1242; x_wconf 85' lang='lat' dir='ltr'>eit</span> <span class='ocrx_word' id='word_1_49' title='bbox 1301 1178 1436 1259; x_wconf 81' lang='lat' dir='ltr'>occisus,</span> 
     </span>
     <span class='ocr_line' id='line_1_8' title="bbox 340 1284 753 1351; baseline -0.007 0"><span class='ocrx_word' id='word_1_50' title='bbox 340 1287 554 1351; x_wconf 89' lang='lat' dir='ltr'>communicat</span> <span class='ocrx_word' id='word_1_51' title='bbox 575 1284 623 1350; x_wconf 93' lang='lat' dir='ltr'>his</span> <span class='ocrx_word' id='word_1_52' title='bbox 646 1284 753 1350; x_wconf 86' lang='lat' dir='ltr'>verbis</span> 
     </span>
    </p>

    <p class='ocr_par' dir='ltr' id='par_1_5' title="bbox 487 1383 1207 1478">
     <span class='ocr_line' id='line_1_9' title="bbox 487 1383 1207 1478; baseline -0.003 -20"><span class='ocrx_word' id='word_1_53' title='bbox 487 1385 669 1477; x_wconf 81' lang='grc' dir='ltr'><strong><em>θεωρὸς,</em></strong></span> <span class='ocrx_word' id='word_1_54' title='bbox 691 1383 737 1468; x_wconf 80' lang='grc' dir='ltr'>ὡς</span> <span class='ocrx_word' id='word_1_55' title='bbox 758 1389 911 1476; x_wconf 74' lang='grc' dir='ltr'><strong><em>ἔφασκεν,</em></strong></span> <span class='ocrx_word' id='word_1_56' title='bbox 933 1390 1085 1478; x_wconf 78' lang='grc' dir='ltr'><strong><em>ἐκδημῶν</em></strong></span> <span class='ocrx_word' id='word_1_57' title='bbox 1105 1385 1207 1458; x_wconf 80' lang='grc' dir='ltr'><strong><em>πάλιν</em></strong></span> 
     </span>
    </p>

    <p class='ocr_par' dir='ltr' id='par_1_6' title="bbox 339 1487 1437 1800">
     <span class='ocr_line' id='line_1_10' title="bbox 488 1487 1218 1584; baseline -0.004 -18"><span class='ocrx_word' id='word_1_58' title='bbox 488 1493 575 1584; x_wconf 77' lang='grc' dir='ltr'><strong><em>πρὸς</em></strong></span> <span class='ocrx_word' id='word_1_59' title='bbox 597 1494 693 1564; x_wconf 80' lang='grc' dir='ltr'><strong><em>οἷκον</em></strong></span> <span class='ocrx_word' id='word_1_60' title='bbox 714 1487 830 1564; x_wconf 73' lang='grc' dir='ltr'><strong><em>οὐκέθ’</em></strong></span> <span class='ocrx_word' id='word_1_61' title='bbox 853 1496 950 1578; x_wconf 71' lang='grc' dir='ltr'><strong><em>ἵκεθ’,</em></strong></span> <span class='ocrx_word' id='word_1_62' title='bbox 973 1489 1019 1576; x_wconf 78' lang='grc' dir='ltr'>ὡς</span> <span class='ocrx_word' id='word_1_63' title='bbox 1040 1489 1218 1584; x_wconf 76' lang='grc' dir='ltr'><strong><em>ἀπεστάλη.</em></strong></span> 
     </span>
     <span class='ocr_line' id='line_1_11' title="bbox 339 1604 1437 1687; baseline -0.003 -13"><span class='ocrx_word' id='word_1_64' title='bbox 339 1607 410 1674; x_wconf 92' lang='lat' dir='ltr'>Nec</span> <span class='ocrx_word' id='word_1_65' title='bbox 440 1607 546 1672; x_wconf 90' lang='lat' dir='ltr'>minus</span> <span class='ocrx_word' id='word_1_66' title='bbox 578 1628 615 1672; x_wconf 91' lang='lat' dir='ltr'>eo</span> <span class='ocrx_word' id='word_1_67' title='bbox 648 1605 798 1672; x_wconf 79' lang='lat' dir='ltr'>ridentur</span> <span class='ocrx_word' id='word_1_68' title='bbox 831 1605 965 1672; x_wconf 86' lang='lat' dir='ltr'>tendere</span> <span class='ocrx_word' id='word_1_69' title='bbox 998 1605 1086 1671; x_wconf 92' lang='lat' dir='ltr'>chori</span> <span class='ocrx_word' id='word_1_70' title='bbox 1118 1606 1197 1670; x_wconf 83' lang='lat' dir='ltr'>haec</span> <span class='ocrx_word' id='word_1_71' title='bbox 1228 1604 1328 1670; x_wconf 86' lang='lat' dir='ltr'>verbe</span> <span class='ocrx_word' id='word_1_72' title='bbox 1359 1604 1437 1687; x_wconf 87' lang='lat' dir='ltr'>(OB</span> 
     </span>
     <span class='ocr_line' id='line_1_12' title="bbox 339 1715 509 1800; baseline 0 -20"><span class='ocrx_word' id='word_1_73' title='bbox 339 1715 399 1780; x_wconf 79' lang='lat'>897</span> <span class='ocrx_word' id='word_1_74' title='bbox 422 1717 509 1800; x_wconf 84' lang='lat' dir='ltr'>sqq.)</span> 
     </span>
    </p>

    <p class='ocr_par' dir='ltr' id='par_1_7' title="bbox 490 1809 1416 1907">
     <span class='ocr_line' id='line_1_13' title="bbox 490 1809 1416 1907; baseline -0.001 -21"><span class='ocrx_word' id='word_1_75' title='bbox 490 1809 604 1887; x_wconf 76' lang='grc' dir='ltr'><strong><em>οὐκέτι</em></strong></span> <span class='ocrx_word' id='word_1_76' title='bbox 625 1814 688 1886; x_wconf 86' lang='grc' dir='ltr'>τὸν</span> <span class='ocrx_word' id='word_1_77' title='bbox 709 1811 855 1886; x_wconf 74' lang='grc' dir='ltr'><strong><em>ἄθικτον</em></strong></span> <span class='ocrx_word' id='word_1_78' title='bbox 877 1817 942 1906; x_wconf 83' lang='grc' dir='ltr'><strong><em>εἶμι</em></strong></span> <span class='ocrx_word' id='word_1_79' title='bbox 962 1825 1022 1907; x_wconf 76' lang='grc' dir='ltr'>γᾶς</span> <span class='ocrx_word' id='word_1_80' title='bbox 1045 1819 1097 1887; x_wconf 79' lang='grc' dir='ltr'>ἐπ’</span> <span class='ocrx_word' id='word_1_81' title='bbox 1119 1810 1275 1906; x_wconf 81' lang='grc' dir='ltr'><strong><em>ὀμφαλὸν</em></strong></span> <span class='ocrx_word' id='word_1_82' title='bbox 1296 1820 1416 1901; x_wconf 78' lang='grc' dir='ltr'><strong><em>σέβων,</em></strong></span> 
     </span>
    </p>

    <p class='ocr_par' dir='ltr' id='par_1_8' title="bbox 489 1917 954 2010">
     <span class='ocr_line' id='line_1_14' title="bbox 489 1917 954 2010; baseline -0.002 -16"><span class='ocrx_word' id='word_1_83' title='bbox 489 1917 560 1994; x_wconf 76' lang='lat' dir='ltr'>odd</span> <span class='ocrx_word' id='word_1_84' title='bbox 581 1927 615 2005; x_wconf 84' lang='grc' dir='ltr'>ἐς</span> <span class='ocrx_word' id='word_1_85' title='bbox 634 1921 698 1994; x_wconf 83' lang='grc' dir='ltr'>τὸν</span> <span class='ocrx_word' id='word_1_86' title='bbox 720 1917 841 2010; x_wconf 64' lang='lat' dir='ltr'>Attalea</span> <span class='ocrx_word' id='word_1_87' title='bbox 860 1921 954 2008; x_wconf 84' lang='grc' dir='ltr'><strong><em>ναὸν,</em></strong></span> 
     </span>
    </p>

    <p class='ocr_par' dir='ltr' id='par_1_9' title="bbox 339 2024 1439 2658">
     <span class='ocr_line' id='line_1_15' title="bbox 489 2024 930 2120; baseline -0.002 -20"><span class='ocrx_word' id='word_1_88' title='bbox 489 2024 568 2100; x_wconf 74' lang='lat' dir='ltr'>odet</span> <span class='ocrx_word' id='word_1_89' title='bbox 589 2029 653 2102; x_wconf 83' lang='grc' dir='ltr'>τὰν</span> <span class='ocrx_word' id='word_1_90' title='bbox 673 2025 850 2120; x_wconf 77' lang='grc' dir='ltr'><strong><em>Ὀλυμπίαν</em></strong></span> <span class='ocrx_word' id='word_1_91' title='bbox 871 2045 930 2100; x_wconf 89' lang='lat' dir='ltr'>cet.</span> 
     </span>
     <span class='ocr_line' id='line_1_16' title="bbox 341 2132 1438 2228; baseline 0 -20"><span class='ocrx_word' id='word_1_92' title='bbox 341 2144 434 2223; x_wconf 85' lang='lat' dir='ltr'>Quae</span> <span class='ocrx_word' id='word_1_93' title='bbox 454 2143 516 2208; x_wconf 92' lang='lat' dir='ltr'>hoc</span> <span class='ocrx_word' id='word_1_94' title='bbox 536 2143 606 2207; x_wconf 92' lang='lat' dir='ltr'>loco</span> <span class='ocrx_word' id='word_1_95' title='bbox 628 2142 707 2208; x_wconf 90' lang='lat' dir='ltr'>mihi</span> <span class='ocrx_word' id='word_1_96' title='bbox 727 2144 817 2209; x_wconf 90' lang='lat' dir='ltr'>licuit</span> <span class='ocrx_word' id='word_1_97' title='bbox 837 2163 1015 2208; x_wconf 81' lang='lat' dir='ltr'>memorare</span> <span class='ocrx_word' id='word_1_98' title='bbox 1035 2153 1205 2228; x_wconf 88' lang='lat' dir='ltr'>propterea</span> <span class='ocrx_word' id='word_1_99' title='bbox 1233 2142 1319 2228; x_wconf 92' lang='lat' dir='ltr'>quod</span> <span class='ocrx_word' id='word_1_100' title='bbox 1347 2132 1438 2227; x_wconf 76' lang='grc' dir='ltr'><strong><em>ἀρχι-</em></strong></span> 
     </span>
     <span class='ocr_line' id='line_1_17' title="bbox 339 2249 1439 2336; baseline -0.003 -19"><span class='ocrx_word' id='word_1_101' title='bbox 339 2252 480 2336; x_wconf 80' lang='grc' dir='ltr'><strong><em>θεωρία,</em></strong></span> <span class='ocrx_word' id='word_1_102' title='bbox 504 2250 524 2313; x_wconf 92' lang='lat' dir='ltr'>i.</span> <span class='ocrx_word' id='word_1_103' title='bbox 540 2271 567 2314; x_wconf 89' lang='lat' dir='ltr'>e.</span> <span class='ocrx_word' id='word_1_104' title='bbox 588 2251 856 2334; x_wconf 79' lang='lat' dir='ltr'>peregrinationis</span> <span class='ocrx_word' id='word_1_105' title='bbox 879 2251 1053 2314; x_wconf 89' lang='lat' dir='ltr'>communis</span> <span class='ocrx_word' id='word_1_106' title='bbox 1075 2271 1157 2334; x_wconf 90' lang='lat' dir='ltr'>quae</span> <span class='ocrx_word' id='word_1_107' title='bbox 1178 2271 1218 2314; x_wconf 88' lang='lat' dir='ltr'>ex</span> <span class='ocrx_word' id='word_1_108' title='bbox 1239 2249 1368 2334; x_wconf 91' lang='lat' dir='ltr'>publica</span> <span class='ocrx_word' id='word_1_109' title='bbox 1381 2250 1439 2316; x_wconf 84' lang='lat' dir='ltr'>ille</span> 
     </span>
     <span class='ocr_line' id='line_1_18' title="bbox 339 2357 1437 2443; baseline -0.004 -19"><span class='ocrx_word' id='word_1_110' title='bbox 339 2358 501 2442; x_wconf 78' lang='lat' dir='ltr'>legatione</span> <span class='ocrx_word' id='word_1_111' title='bbox 521 2357 675 2441; x_wconf 80' lang='lat' dir='ltr'>paulatim</span> <span class='ocrx_word' id='word_1_112' title='bbox 697 2357 784 2424; x_wconf 83' lang='lat' dir='ltr'>facta</span> <span class='ocrx_word' id='word_1_113' title='bbox 804 2367 854 2422; x_wconf 90' lang='lat' dir='ltr'>est</span> <span class='ocrx_word' id='word_1_114' title='bbox 874 2359 1072 2443; x_wconf 83' lang='lat' dir='ltr'>principatus</span> <span class='ocrx_word' id='word_1_115' title='bbox 1094 2378 1156 2442; x_wconf 91' lang='lat' dir='ltr'>quo</span> <span class='ocrx_word' id='word_1_116' title='bbox 1179 2378 1274 2441; x_wconf 88' lang='lat' dir='ltr'>saepe</span> <span class='ocrx_word' id='word_1_117' title='bbox 1288 2366 1437 2441; x_wconf 87' lang='lat' dir='ltr'>sumptus</span> 
     </span>
     <span class='ocr_line' id='line_1_19' title="bbox 340 2448 1437 2549; baseline 0 -19"><span class='ocrx_word' id='word_1_118' title='bbox 340 2463 545 2530; x_wconf 79' lang='lat' dir='ltr'>adferebatur</span> <span class='ocrx_word' id='word_1_119' title='bbox 575 2463 661 2530; x_wconf 89' lang='lat' dir='ltr'>heud</span> <span class='ocrx_word' id='word_1_120' title='bbox 692 2466 828 2549; x_wconf 81' lang='lat' dir='ltr'>exiguus</span> <span class='ocrx_word' id='word_1_121' title='bbox 861 2465 893 2529; x_wconf 92' lang='lat' dir='ltr'>in</span> <span class='ocrx_word' id='word_1_122' title='bbox 926 2448 1213 2547; x_wconf 76' lang='lat' dir='ltr'>liturgiarum</span> <span class='ocrx_word' id='word_1_123' title='bbox 1233 2485 1365 2530; x_wconf 90' lang='lat' dir='ltr'>numero</span> <span class='ocrx_word' id='word_1_124' title='bbox 1394 2465 1437 2530; x_wconf 87' lang='lat' dir='ltr'>ab</span> 
     </span>
     <span class='ocr_line' id='line_1_20' title="bbox 341 2571 837 2658; baseline -0.004 -20"><span class='ocrx_word' id='word_1_125' title='bbox 341 2571 594 2638; x_wconf 81' lang='lat' dir='ltr'>Atheniensibus</span> <span class='ocrx_word' id='word_1_126' title='bbox 615 2583 685 2638; x_wconf 89' lang='lat' dir='ltr'>erat</span> <span class='ocrx_word' id='word_1_127' title='bbox 705 2574 837 2658; x_wconf 83' lang='lat' dir='ltr'>positus.</span> 
     </span>
    </p>

    <p class='ocr_par' dir='ltr' id='par_1_10' title="bbox 323 2679 1439 3731">
     <span class='ocr_line' id='line_1_21' title="bbox 423 2679 1438 2766; baseline -0.002 -22"><span class='ocrx_word' id='word_1_128' title='bbox 423 2681 533 2766; x_wconf 86' lang='lat' dir='ltr'>Atque</span> <span class='ocrx_word' id='word_1_129' title='bbox 554 2703 593 2746; x_wconf 86' lang='lat' dir='ltr'>ex</span> <span class='ocrx_word' id='word_1_130' title='bbox 615 2682 730 2746; x_wconf 88' lang='lat' dir='ltr'>ceteris</span> <span class='ocrx_word' id='word_1_131' title='bbox 751 2681 868 2744; x_wconf 88' lang='lat' dir='ltr'>civium</span> <span class='ocrx_word' id='word_1_132' title='bbox 888 2679 1134 2744; x_wconf 87' lang='lat' dir='ltr'>Atheniensium</span> <span class='ocrx_word' id='word_1_133' title='bbox 1154 2679 1294 2762; x_wconf 85' lang='lat' dir='ltr'>liturgiis</span> <span class='ocrx_word' id='word_1_134' title='bbox 1319 2679 1438 2744; x_wconf 89' lang='lat' dir='ltr'>nullius</span> 
     </span>
     <span class='ocr_line' id='line_1_22' title="bbox 340 2782 1438 2874; baseline -0.002 -22"><span class='ocrx_word' id='word_1_135' title='bbox 340 2788 404 2852; x_wconf 79' lang='lat' dir='ltr'>nisi</span> <span class='ocrx_word' id='word_1_136' title='bbox 417 2789 673 2874; x_wconf 78' lang='grc' dir='ltr'><strong><em>γυμνασιαρχίας</em></strong></span> <span class='ocrx_word' id='word_1_137' title='bbox 687 2787 764 2852; x_wconf 91' lang='lat' dir='ltr'>mihi</span> <span class='ocrx_word' id='word_1_138' title='bbox 778 2789 899 2852; x_wconf 87' lang='lat' dir='ltr'>mentio</span> <span class='ocrx_word' id='word_1_139' title='bbox 915 2797 965 2852; x_wconf 86' lang='lat' dir='ltr'>est</span> <span class='ocrx_word' id='word_1_140' title='bbox 979 2785 1134 2851; x_wconf 83' lang='lat' dir='ltr'>facienda.</span> <span class='ocrx_word' id='word_1_141' title='bbox 1179 2782 1277 2851; x_wconf 75' lang='lat' dir='ltr'>Ouiu&#39;s</span> <span class='ocrx_word' id='word_1_142' title='bbox 1294 2787 1438 2850; x_wconf 89' lang='lat' dir='ltr'>muneris</span> 
     </span>
     <span class='ocr_line' id='line_1_23' title="bbox 323 2885 1439 2981; baseline -0.003 -22"><span class='ocrx_word' id='word_1_143' title='bbox 323 2885 405 2960; x_wconf 56' lang='lat' dir='ltr'>&#39;une</span> <span class='ocrx_word' id='word_1_144' title='bbox 425 2905 551 2960; x_wconf 84' lang='lat' dir='ltr'>tentum</span> <span class='ocrx_word' id='word_1_145' title='bbox 572 2898 694 2981; x_wconf 88' lang='lat' dir='ltr'>specics</span> <span class='ocrx_word' id='word_1_146' title='bbox 715 2897 896 2960; x_wconf 82' lang='lat' dir='ltr'>accuratius</span> <span class='ocrx_word' id='word_1_147' title='bbox 910 2895 1083 2960; x_wconf 85' lang='lat' dir='ltr'>memoriae</span> <span class='ocrx_word' id='word_1_148' title='bbox 1098 2903 1147 2958; x_wconf 89' lang='lat' dir='ltr'>est</span> <span class='ocrx_word' id='word_1_149' title='bbox 1162 2893 1299 2980; x_wconf 85' lang='lat' dir='ltr'>prodite,</span> <span class='ocrx_word' id='word_1_150' title='bbox 1321 2913 1439 2978; x_wconf 88' lang='lat' dir='ltr'>nempe</span> 
     </span>
     <span class='ocr_line' id='line_1_24' title="bbox 341 3000 1438 3088; baseline -0.002 -22"><span class='ocrx_word' id='word_1_151' title='bbox 341 3023 451 3067; x_wconf 87' lang='lat' dir='ltr'>cursus</span> <span class='ocrx_word' id='word_1_152' title='bbox 481 3003 536 3068; x_wconf 88' lang='lat' dir='ltr'>illa</span> <span class='ocrx_word' id='word_1_153' title='bbox 570 3004 744 3070; x_wconf 76' lang='lat' dir='ltr'>certamine</span> <span class='ocrx_word' id='word_1_154' title='bbox 775 3005 809 3068; x_wconf 93' lang='lat' dir='ltr'>in</span> <span class='ocrx_word' id='word_1_155' title='bbox 843 3003 959 3088; x_wconf 87' lang='lat' dir='ltr'>quibus</span> <span class='ocrx_word' id='word_1_156' title='bbox 992 3023 1136 3068; x_wconf 90' lang='lat' dir='ltr'>cursores</span> <span class='ocrx_word' id='word_1_157' title='bbox 1169 3001 1256 3066; x_wconf 86' lang='lat' dir='ltr'>faces</span> <span class='ocrx_word' id='word_1_158' title='bbox 1288 3000 1438 3064; x_wconf 92' lang='lat' dir='ltr'>manibus</span> 
     </span>
     <span class='ocr_line' id='line_1_25' title="bbox 340 3108 1439 3194; baseline -0.002 -20"><span class='ocrx_word' id='word_1_159' title='bbox 340 3108 494 3174; x_wconf 87' lang='lat' dir='ltr'>tenebant</span> <span class='ocrx_word' id='word_1_160' title='bbox 516 3110 579 3174; x_wconf 85' lang='lat' dir='ltr'>:in</span> <span class='ocrx_word' id='word_1_161' title='bbox 601 3109 716 3194; x_wconf 89' lang='lat' dir='ltr'>quibus</span> <span class='ocrx_word' id='word_1_162' title='bbox 739 3111 793 3194; x_wconf 91' lang='lat' dir='ltr'>qui</span> <span class='ocrx_word' id='word_1_163' title='bbox 815 3108 968 3174; x_wconf 89' lang='lat' dir='ltr'>volebant</span> <span class='ocrx_word' id='word_1_164' title='bbox 989 3111 1120 3191; x_wconf 86' lang='lat' dir='ltr'>versari,</span> <span class='ocrx_word' id='word_1_165' title='bbox 1143 3110 1182 3173; x_wconf 86' lang='lat' dir='ltr'>iis</span> <span class='ocrx_word' id='word_1_166' title='bbox 1203 3117 1236 3173; x_wconf 92' lang='lat' dir='ltr'>et</span> <span class='ocrx_word' id='word_1_167' title='bbox 1249 3108 1439 3173; x_wconf 84' lang='lat' dir='ltr'>alimentum</span> 
     </span>
     <span class='ocr_line' id='line_1_26' title="bbox 341 3215 1439 3304; baseline 0 -24"><span class='ocrx_word' id='word_1_168' title='bbox 341 3225 374 3280; x_wconf 91' lang='lat' dir='ltr'>et</span> <span class='ocrx_word' id='word_1_169' title='bbox 394 3215 573 3281; x_wconf 88' lang='lat' dir='ltr'>mercedem</span> <span class='ocrx_word' id='word_1_170' title='bbox 594 3216 733 3282; x_wconf 86' lang='lat' dir='ltr'>debebat</span> <span class='ocrx_word' id='word_1_171' title='bbox 754 3218 918 3302; x_wconf 85' lang='lat' dir='ltr'>praebere,</span> <span class='ocrx_word' id='word_1_172' title='bbox 941 3219 996 3304; x_wconf 90' lang='lat' dir='ltr'>qui</span> <span class='ocrx_word' id='word_1_173' title='bbox 1010 3218 1173 3302; x_wconf 87' lang='lat' dir='ltr'>liturgiam</span> <span class='ocrx_word' id='word_1_174' title='bbox 1187 3217 1439 3302; x_wconf 74' lang='grc' dir='ltr'><strong><em>λαμπαδαρχίας</em></strong></span> 
     </span>
     <span class='ocr_line' id='line_1_27' title="bbox 341 3323 1438 3410; baseline 0 -22"><span class='ocrx_word' id='word_1_175' title='bbox 341 3333 535 3408; x_wconf 84' lang='lat' dir='ltr'>susceperat.</span> <span class='ocrx_word' id='word_1_176' title='bbox 579 3323 698 3403; x_wconf 80' lang='lat' dir='ltr'>Quales</span> <span class='ocrx_word' id='word_1_177' title='bbox 720 3345 858 3410; x_wconf 86' lang='lat' dir='ltr'>pompae</span> <span class='ocrx_word' id='word_1_178' title='bbox 880 3325 1078 3390; x_wconf 88' lang='lat' dir='ltr'>ducebantur</span> <span class='ocrx_word' id='word_1_179' title='bbox 1106 3323 1218 3390; x_wconf 85' lang='lat' dir='ltr'>diebus</span> <span class='ocrx_word' id='word_1_180' title='bbox 1239 3328 1334 3390; x_wconf 82' lang='grc' dir='ltr'><strong><em>θεῶν</em></strong></span> <span class='ocrx_word' id='word_1_181' title='bbox 1354 3347 1438 3407; x_wconf 79' lang='grc' dir='ltr'><strong><em>πυρ-</em></strong></span> 
     </span>
     <span class='ocr_line' id='line_1_28' title="bbox 340 3423 1439 3517; baseline -0.003 -21"><span class='ocrx_word' id='word_1_182' title='bbox 340 3423 458 3516; x_wconf 80' lang='grc' dir='ltr'><strong><em>φόρων</em></strong></span> <span class='ocrx_word' id='word_1_183' title='bbox 486 3429 654 3496; x_wconf 86' lang='lat' dir='ltr'>Minervae</span> <span class='ocrx_word' id='word_1_184' title='bbox 684 3431 823 3496; x_wconf 87' lang='lat' dir='ltr'>Vulcani</span> <span class='ocrx_word' id='word_1_185' title='bbox 854 3431 1038 3498; x_wconf 86' lang='lat' dir='ltr'>Promethei</span> <span class='ocrx_word' id='word_1_186' title='bbox 1071 3433 1181 3517; x_wconf 84' lang='lat' dir='ltr'>(quem</span> <span class='ocrx_word' id='word_1_187' title='bbox 1213 3432 1318 3516; x_wconf 90' lang='lat' dir='ltr'>ipsum</span> <span class='ocrx_word' id='word_1_188' title='bbox 1349 3429 1439 3494; x_wconf 84' lang='lat' dir='ltr'>fama</span> 
     </span>
     <span class='ocr_line' id='line_1_29' title="bbox 340 3536 1436 3626; baseline -0.003 -24"><span class='ocrx_word' id='word_1_189' title='bbox 340 3537 466 3603; x_wconf 86' lang='lat' dir='ltr'>ferebat</span> <span class='ocrx_word' id='word_1_190' title='bbox 486 3560 555 3604; x_wconf 90' lang='lat' dir='ltr'>esse</span> <span class='ocrx_word' id='word_1_191' title='bbox 583 3548 746 3603; x_wconf 82' lang='lat' dir='ltr'>auctorem</span> <span class='ocrx_word' id='word_1_192' title='bbox 767 3540 1074 3626; x_wconf 82' lang='grc' dir='ltr'><strong><em>λαμπαδηδρομίας)</em></strong></span> <span class='ocrx_word' id='word_1_193' title='bbox 1103 3539 1195 3604; x_wconf 84' lang='lat' dir='ltr'>festis</span> <span class='ocrx_word' id='word_1_194' title='bbox 1223 3547 1256 3602; x_wconf 90' lang='lat' dir='ltr'>et</span> <span class='ocrx_word' id='word_1_195' title='bbox 1276 3536 1436 3602; x_wconf 89' lang='lat' dir='ltr'>sollemni·</span> 
     </span>
     <span class='ocr_line' id='line_1_30' title="bbox 341 3643 1438 3731; baseline -0.004 -21"><span class='ocrx_word' id='word_1_196' title='bbox 341 3645 458 3728; x_wconf 80' lang='lat' dir='ltr'>hus⁶¹).</span> <span class='ocrx_word' id='word_1_197' title='bbox 510 3644 633 3724; x_wconf 83' lang='lat' dir='ltr'>Quodsi</span> <span class='ocrx_word' id='word_1_198' title='bbox 664 3645 725 3711; x_wconf 82' lang='lat' dir='ltr'>Oc</span> <span class='ocrx_word' id='word_1_199' title='bbox 745 3645 787 3710; x_wconf 78' lang='lat'>55</span> <span class='ocrx_word' id='word_1_200' title='bbox 817 3647 900 3710; x_wconf 88' lang='lat' dir='ltr'>inter</span> <span class='ocrx_word' id='word_1_201' title='bbox 930 3646 1006 3711; x_wconf 90' lang='lat' dir='ltr'>deos</span> <span class='ocrx_word' id='word_1_202' title='bbox 1035 3647 1106 3711; x_wconf 87' lang='lat' dir='ltr'>illos</span> <span class='ocrx_word' id='word_1_203' title='bbox 1135 3666 1270 3731; x_wconf 90' lang='lat' dir='ltr'>quorum</span> <span class='ocrx_word' id='word_1_204' title='bbox 1299 3643 1376 3709; x_wconf 88' lang='lat' dir='ltr'>fana</span> <span class='ocrx_word' id='word_1_205' title='bbox 1403 3645 1438 3706; x_wconf 92' lang='lat' dir='ltr'>in</span> 
     </span>
    </p>
   </div>
   <div class='ocr_carea' id='block_1_4' title="bbox 338 3878 1438 4377">
    <p class='ocr_par' dir='ltr' id='par_1_11' title="bbox 338 3878 1438 4377">
     <span class='ocr_line' id='line_1_31' title="bbox 408 3878 1436 3950; baseline 0 -18"><span class='ocrx_word' id='word_1_206' title='bbox 408 3878 443 3947; x_wconf 76' lang='lat'>⁸¹)</span> <span class='ocrx_word' id='word_1_207' title='bbox 462 3880 568 3933; x_wconf 80' lang='lat' dir='ltr'>Similes</span> <span class='ocrx_word' id='word_1_208' title='bbox 585 3898 698 3948; x_wconf 80' lang='lat' dir='ltr'>pompae</span> <span class='ocrx_word' id='word_1_209' title='bbox 716 3883 743 3933; x_wconf 93' lang='lat' dir='ltr'>iu</span> <span class='ocrx_word' id='word_1_210' title='bbox 761 3883 894 3950; x_wconf 84' lang='lat' dir='ltr'>mysteriis</span> <span class='ocrx_word' id='word_1_211' title='bbox 906 3883 1050 3934; x_wconf 77' lang='lat' dir='ltr'>Eleusiniis</span> <span class='ocrx_word' id='word_1_212' title='bbox 1062 3883 1255 3934; x_wconf 82' lang='lat' dir='ltr'>inveniuntur:</span> <span class='ocrx_word' id='word_1_213' title='bbox 1270 3897 1335 3948; x_wconf 86' lang='lat' dir='ltr'>ques</span> <span class='ocrx_word' id='word_1_214' title='bbox 1347 3887 1436 3934; x_wconf 83' lang='lat' dir='ltr'>temen</span> 
     </span>
     <span class='ocr_line' id='line_1_32' title="bbox 341 3967 1438 4034; baseline 0.003 -16"><span class='ocrx_word' id='word_1_215' title='bbox 341 3981 402 4018; x_wconf 90' lang='lat' dir='ltr'>oum</span> <span class='ocrx_word' id='word_1_216' title='bbox 420 3967 471 4017; x_wconf 84' lang='lat' dir='ltr'>hee</span> <span class='ocrx_word' id='word_1_217' title='bbox 490 3967 599 4034; x_wconf 83' lang='lat' dir='ltr'>liturgia</span> <span class='ocrx_word' id='word_1_218' title='bbox 617 3974 691 4034; x_wconf 85' lang='lat' dir='ltr'>petet</span> <span class='ocrx_word' id='word_1_219' title='bbox 709 3969 777 4019; x_wconf 92' lang='lat' dir='ltr'>nihil</span> <span class='ocrx_word' id='word_1_220' title='bbox 795 3969 945 4020; x_wconf 88' lang='lat' dir='ltr'>cohaerere.</span> <span class='ocrx_word' id='word_1_221' title='bbox 980 3969 1057 4020; x_wconf 88' lang='lat' dir='ltr'>Unde</span> <span class='ocrx_word' id='word_1_222' title='bbox 1075 3969 1173 4034; x_wconf 91' lang='lat' dir='ltr'>pendet</span> <span class='ocrx_word' id='word_1_223' title='bbox 1184 3983 1279 4019; x_wconf 90' lang='lat' dir='ltr'>nomen</span> <span class='ocrx_word' id='word_1_224' title='bbox 1291 3967 1438 4034; x_wconf 80' lang='grc' dir='ltr'><strong><em>λαμπάδες</em></strong></span> 
     </span>
     <span class='ocr_line' id='line_1_33' title="bbox 339 4049 1436 4121; baseline -0.002 -17"><span class='ocrx_word' id='word_1_225' title='bbox 339 4049 441 4115; x_wconf 80' lang='grc' dir='ltr'><strong><em>ἀκταί,</em></strong></span> <span class='ocrx_word' id='word_1_226' title='bbox 468 4069 521 4117; x_wconf 90' lang='lat' dir='ltr'>quo</span> <span class='ocrx_word' id='word_1_227' title='bbox 549 4053 678 4106; x_wconf 76' lang='lat'>001049</span> <span class='ocrx_word' id='word_1_228' title='bbox 702 4054 856 4121; x_wconf 84' lang='lat' dir='ltr'>designatur</span> <span class='ocrx_word' id='word_1_229' title='bbox 874 4055 947 4106; x_wconf 88' lang='lat' dir='ltr'>sinus</span> <span class='ocrx_word' id='word_1_230' title='bbox 965 4054 1095 4105; x_wconf 83' lang='lat' dir='ltr'>Eleusinii</span> <span class='ocrx_word' id='word_1_231' title='bbox 1112 4069 1166 4119; x_wconf 90' lang='lat' dir='ltr'>que</span> <span class='ocrx_word' id='word_1_232' title='bbox 1190 4054 1225 4106; x_wconf 82' lang='lat' dir='ltr'>cd</span> <span class='ocrx_word' id='word_1_233' title='bbox 1243 4053 1436 4119; x_wconf 82' lang='lat' dir='ltr'>septentriones</span> 
     </span>
     <span class='ocr_line' id='line_1_34' title="bbox 339 4135 1437 4206; baseline 0.004 -19"><span class='ocrx_word' id='word_1_234' title='bbox 339 4137 429 4204; x_wconf 85' lang='lat' dir='ltr'>vergit</span> <span class='ocrx_word' id='word_1_235' title='bbox 446 4153 492 4188; x_wconf 86' lang='lat' dir='ltr'>ora</span> <span class='ocrx_word' id='word_1_236' title='bbox 509 4139 553 4189; x_wconf 83' lang='lat' dir='ltr'>vel</span> <span class='ocrx_word' id='word_1_237' title='bbox 572 4154 682 4206; x_wconf 82' lang='lat' dir='ltr'>campus</span> <span class='ocrx_word' id='word_1_238' title='bbox 699 4139 846 4200; x_wconf 72' lang='lat' dir='ltr'>Thriasius,</span> <span class='ocrx_word' id='word_1_239' title='bbox 864 4140 893 4190; x_wconf 90' lang='lat' dir='ltr'>in</span> <span class='ocrx_word' id='word_1_240' title='bbox 912 4155 965 4205; x_wconf 89' lang='lat' dir='ltr'>quo</span> <span class='ocrx_word' id='word_1_241' title='bbox 983 4139 1088 4191; x_wconf 79' lang='lat' dir='ltr'>Eleusis</span> <span class='ocrx_word' id='word_1_242' title='bbox 1105 4145 1163 4190; x_wconf 87' lang='lat' dir='ltr'>eret</span> <span class='ocrx_word' id='word_1_243' title='bbox 1189 4139 1242 4190; x_wconf 86' lang='lat' dir='ltr'>site</span> <span class='ocrx_word' id='word_1_244' title='bbox 1265 4137 1359 4203; x_wconf 89' lang='lat' dir='ltr'>(schol.</span> <span class='ocrx_word' id='word_1_245' title='bbox 1377 4135 1437 4191; x_wconf 79' lang='grc' dir='ltr'>ἀπὸ</span> 
     </span>
     <span class='ocr_line' id='line_1_35' title="bbox 339 4219 1437 4294; baseline -0.005 -18"><span class='ocrx_word' id='word_1_246' title='bbox 339 4226 397 4276; x_wconf 77' lang='grc' dir='ltr'>τῶν</span> <span class='ocrx_word' id='word_1_247' title='bbox 415 4220 521 4278; x_wconf 78' lang='grc' dir='ltr'><strong><em>αὐτόθι</em></strong></span> <span class='ocrx_word' id='word_1_248' title='bbox 539 4219 571 4278; x_wconf 74' lang='grc' dir='ltr'>ἐν</span> <span class='ocrx_word' id='word_1_249' title='bbox 589 4231 651 4289; x_wconf 83' lang='grc' dir='ltr'><strong><em>τοῖς</em></strong></span> <span class='ocrx_word' id='word_1_250' title='bbox 667 4225 835 4294; x_wconf 78' lang='grc' dir='ltr'><strong><em>μυστηρίοις</em></strong></span> <span class='ocrx_word' id='word_1_251' title='bbox 861 4225 1037 4292; x_wconf 77' lang='grc' dir='ltr'><strong><em>λαμπάδων).</em></strong></span> <span class='ocrx_word' id='word_1_252' title='bbox 1083 4227 1207 4277; x_wconf 84' lang='lat' dir='ltr'>Ceterum</span> <span class='ocrx_word' id='word_1_253' title='bbox 1232 4223 1359 4290; x_wconf 83' lang='lat' dir='ltr'>mysteria</span> <span class='ocrx_word' id='word_1_254' title='bbox 1384 4222 1437 4272; x_wconf 90' lang='lat' dir='ltr'>hoc</span> 
     </span>
     <span class='ocr_line' id='line_1_36' title="bbox 338 4306 1436 4377; baseline 0.003 -21"><span class='ocrx_word' id='word_1_255' title='bbox 338 4306 398 4357; x_wconf 90' lang='lat' dir='ltr'>loco</span> <span class='ocrx_word' id='word_1_256' title='bbox 416 4306 563 4374; x_wconf 83' lang='lat' dir='ltr'>significari</span> <span class='ocrx_word' id='word_1_257' title='bbox 582 4325 615 4360; x_wconf 84' lang='lat' dir='ltr'>ex</span> <span class='ocrx_word' id='word_1_258' title='bbox 635 4309 668 4360; x_wconf 83' lang='lat' dir='ltr'>iis</span> <span class='ocrx_word' id='word_1_259' title='bbox 686 4325 754 4375; x_wconf 83' lang='lat' dir='ltr'>quae</span> <span class='ocrx_word' id='word_1_260' title='bbox 772 4317 921 4375; x_wconf 85' lang='lat' dir='ltr'>sequuntur</span> <span class='ocrx_word' id='word_1_261' title='bbox 938 4311 1004 4362; x_wconf 83' lang='lat' dir='ltr'>satie</span> <span class='ocrx_word' id='word_1_262' title='bbox 1022 4310 1239 4377; x_wconf 78' lang='lat' dir='ltr'>elucet2quihus</span> <span class='ocrx_word' id='word_1_263' title='bbox 1257 4314 1436 4360; x_wconf 85' lang='lat' dir='ltr'>memorentur</span> 
     </span>
    </p>
   </div>
   <div class='ocr_carea' id='block_1_5' title="bbox 0 0 1568 5176">
    <p class='ocr_par' dir='ltr' id='par_1_12' title="bbox 0 0 1568 5176">
     <span class='ocr_line' id='line_1_37' title="bbox 0 0 1568 5176; baseline 0 0"><span class='ocrx_word' id='word_1_264' title='bbox 0 0 1568 5176; x_wconf 95' lang='lat' dir='ltr'> </span> 
     </span>
    </p>
   </div>
  </div>
 </body>
</html>
