3126 5176
650 481 691 546 33

573 570 771 578 ψ.-

124 687 212 752 enim
233 683 356 749 Atridis
377 685 410 748 in
432 684 533 748 Aiace
555 693 587 748 et
609 685 642 747 in
664 683 852 769 Philocteta,
887 683 1013 769 Oedipo
1034 686 1068 749 in
1091 684 1217 771 Oedipo

112 773 231 878 Rege,
260 793 394 870 Creonti
422 794 455 856 in
476 791 643 874 Antigona
673 794 858 876 tyrannicos
887 792 1024 877 adfingit
1050 813 1155 858 mores
1185 803 1218 857 et

124 901 385 984 dominationem,
407 900 603 984 Argivorum
625 909 732 965 tamen
754 901 912 965 exercitus
933 922 995 965 neo
1014 902 1119 966 minus
1132 900 1215 966 The·

124 1010 283 1073 banorum
305 1009 439 1093 populus
462 1009 587 1092 saepius
609 1009 748 1093 speciem
769 1008 902 1092 praebet
931 1010 1088 1074 contionis
1117 1031 1216 1096 penes

124 1139 223 1203 quam
257 1138 414 1180 summum
444 1125 493 1180 est
522 1114 563 1180 de
591 1115 686 1180 rebus
720 1116 851 1200 publicis
881 1117 1057 1182 arbitrium.
1107 1120 1217 1205 Atque

125 1225 212 1311 quod
242 1226 311 1310 ipsa
340 1225 446 1296 contio
476 1223 677 1308 significatur
707 1225 758 1287 Ai.
789 1223 847 1288 721
871 1246 918 1309 sq.
949 1235 981 1290 et
1009 1224 1070 1292 ΟΒ
1099 1226 1216 1311 14443),

125 1335 256 1398 minime
283 1343 442 1418 repugnat
469 1333 617 1396 heroicae
652 1333 767 1397 aetatis
806 1334 1026 1398 consuetudini
1056 1356 1120 1419 qua
1147 1357 1215 1420 rex,

124 1464 198 1507 cum
217 1443 333 1528 populo
346 1442 486 1506 'volebat
507 1441 626 1526 aliquid
642 1441 839 1526 denuntiare,
862 1432 986 1528 ἀγορὴν
1004 1443 1128 1509 solebat
1142 1455 1215 1508 con-

122 1571 269 1614 vocare:
292 1559 325 1613 at
356 1550 461 1613 contio
492 1551 519 1612 si
547 1559 681 1634 apparet
712 1571 836 1614 summa
864 1559 1023 1635 potestate
1050 1553 1216 1636 instructa,

123 1658 324 1743 Sophocleae
337 1658 452 1721 aetatis
468 1666 587 1721 etatum
601 1657 696 1722 facile
710 1659 923 1740 agnoscimus.
952 1659 1005 1723 Ita
1017 1659 1215 1744 Argivorum

124 1767 284 1830 exereitus
319 1773 461 1850 potestas
496 1765 581 1829 haud
619 1764 753 1830 obscure
781 1765 980 1850 significatur
1009 1767 1061 1832 Ai.
1083 1768 1145 1832 408
1167 1789 1214 1853 sq.

123 1875 235 1938 Aiacis
257 1873 305 1937 his
327 1872 433 1937 verbis

322 1985 401 2058 πᾶς
431 1980 475 2046 δὲ
505 1975 688 2066 στρατὸς
718 1982 878 2060 dicaciter
899 1973 941 2048 dv
961 2007 1002 2068 με

321 2090 406 2172 χειρὶ
428 2082 568 2170 φονεύοι

120 2219 184 2261 nec
205 2198 310 2280 miuus
341 2196 556 2281 compluribus
577 2196 776 2262 Philoctetae
801 2197 896 2281 locis,
926 2208 961 2262 ut
991 2199 1053 2263 554
1073 2221 1131 2284 sq,
1160 2199 1216 2262 ubi

121 2304 304 2390 speculator
324 2303 377 2367 ille
399 2304 505 2389 specie
525 2305 711 2368 mercatoris
733 2305 862 2370 indutus
883 2305 1095 2391 Neoptolemo
1117 2307 1216 2372 refert

122 2412 166 2476 de
186 2413 225 2476 iis

324 2508 345 2586 di
373 2533 514 2587 τοῖσιν
543 2510 798 2604 Ἀργείοισιν
826 2510 911 2606 ἀμφὶ
933 2526 994 2588 σοῦ
1014 2523 1074 2588 νέα

322 2622 520 2712 βουλεύματ’
541 2626 620 2710 ἐστὶ,
735 2713 737 2718 ,

123 2736 181 2822 (cf.
203 2737 265 2801 560
285 2731 439 2822 βούλευμ’
461 2727 523 2802 ἄπ’
548 2726 767 2821 Ἀργείων),
789 2746 845 2802 aut
863 2737 942 2802 1243
957 2738 1012 2821 (ol'.
1029 2739 1136 2824 1226),
1157 2739 1213 2802 ubi

122 2844 270 2908 fraudem
312 2845 425 2911 Ulixes
467 2844 561 2928 fingit
602 2847 781 2930 perpetrari
823 2846 910 2910 iussu
960 2839 1217 2930 ξι’μπαντος

126 2941 294 3036 Ἀχαιῶν
323 2956 447 3032 λαοῦ,
480 2953 567 3016 cuius
589 2952 722 3016 arbitrio
754 2953 816 3016 nisi
849 2953 941 3018 cedat
970 2953 1212 3040 Neoptolemus,

124 3061 349 3144 gravissimam
371 3061 399 3124 ei
420 3081 557 3144 poenam
578 3061 753 3142 imminere,
776 3060 816 3124 cf.
840 3061 921 3126 1250

208 3161 394 3253 στρατὸν
419 3169 446 3233 δ’
472 3157 645 3251 Ἀχαιῶν
666 3157 707 3233 od
729 3172 836 3250 φοβεῖ,
858 3163 1019 3255 πράσσων
1038 3164 1136 3250 τάδε;

124 3285 159 3340 et
181 3275 259 3340 1257
282 3297 330 3360 sq.

225 3385 336 3450 καίτοι
357 3384 384 3450 d
406 3377 512 3450 ἐάσω·
534 3389 582 3469 τᾷ
605 3384 641 3450 δὲ
670 3378 886 3469 σύμπαντι
915 3389 1087 3473 στρατῶ

225 3492 309 3572 λέξω
330 3485 401 3556 τάδ’
423 3485 545 3572 ἐλθὼν,
569 3483 607 3569 ὃς
628 3510 663 3558 σε
685 3487 917 3580 τιμωρήσεται,

124 3610 182 3665 aut
205 3600 294 3684 1294,
316 3599 371 3664 ubi
392 3621 501 3664 arcum
523 3600 721 3666 Philoctetae
740 3601 832 3666 reddi
852 3611 941 3666 vetat
962 3602 1078 3668 Ulixes

166 3698 252 3795 ὑπέρ
272 3709 302 3774 τ’
327 3698 500 3794 Ἀτρειδῶν
520 3712 597 3774 τοῦ
623 3731 668 3774 τε
700 3702 950 3794 σύμπαντος
978 3712 1176 3794 στρατοῦ,

123 3826 181 3882 aut
203 3817 293 3900 1404,
315 3816 371 3882 ubi
391 3817 461 3900 ipse
483 3816 713 3902 Neoptolemus
736 3839 807 3881 cum
829 3816 916 3882 dicat

325 3923 436 3990 αἰτίαν
457 3923 492 3989 δὲ
513 3928 586 4000 πῶς
610 3913 783 4007 Ἀχαιῶν
811 3919 993 4009 φεύξομαι;

195 4193 229 4263 ²⁸)
248 4197 307 4246 Hoc
324 4196 383 4248 loco
401 4196 518 4263 Oedipus
537 4203 623 4248 totum
641 4197 827 4247 Thebanorum
845 4198 972 4264 populum
989 4198 1064 4248 iubet
1076 4197 1218 4249 convocari

124 4283 203 4333 cuius
220 4283 307 4334 vicem
324 4283 393 4334 infra
411 4283 532 4333 videmus
551 4283 677 4350 praebere
695 4284 805 4334 chorum
823 4299 902 4347 quem
920 4283 947 4334 in
966 4301 992 4334 v.
1013 4287 1062 4334 223
1076 4284 1218 4350 compellat

123 4369 203 4434 qusai
220 4369 273 4419 sint
289 4369 395 4434 πάντες
413 4370 559 4436 Καδμεῖοι.

995 4463 1016 4526 3
