3126 5176
902 457 943 522 36

385 660 498 744 volgus
526 660 702 745 pelliciam,
732 658 773 723 ad
801 658 1099 743 reprehendendum
1120 659 1274 744 populare
1306 660 1476 745 imperium

386 767 491 832 adfert
518 768 657 832 rationes
686 787 768 852 quae
799 768 925 850 saepius
947 765 1088 832 Socratis
1116 769 1243 852 sapiant
1270 777 1474 852 praecepta:

343 950 346 957 Ι
386 875 546 939 hominem
568 877 651 940 enim
673 873 713 939 de
734 875 827 960 plebe
849 896 956 939 carere
978 895 1043 940 non
1064 873 1159 939 modo
1173 874 1343 959 prudentia
1357 884 1389 940 et
1403 897 1475 938 eru-

387 983 522 1066 ditione,
556 983 612 1048 sed
643 984 708 1047 otio
739 1004 802 1068 quo
833 981 1000 1047 deficiente
1027 1004 1121 1046 nemo
1151 981 1344 1067 reipublicae
1371 984 1478 1068 possit

386 1090 537 1174 prodesse
559 1091 615 1174 (01.
637 1089 805 1174 417-211).
849 1091 970 1156 Contra
991 1090 1135 1156 Theseus
1164 1089 1302 1155 verbosa
1329 1091 1478 1154 oratione

387 1199 589 1284 tyrannidem
610 1199 761 1284 discerpit
783 1201 870 1263 cuius
892 1201 1027 1263 virtutes
1049 1199 1134 1263 vitiis
1156 1199 1252 1283 louge
1275 1209 1476 1284 superentur.

387 1308 436 1372 Ac
458 1309 534 1372 satis
556 1307 624 1372 1010
645 1317 693 1372 001
714 1308 978 1371 animadvertisse
999 1306 1039 1371 ad
1068 1306 1202 1370 eandem
1234 1327 1330 1391 quam
1351 1305 1476 1390 Sopho·

387 1415 450 1478 cles
480 1417 588 1500 paucis
610 1416 671 1479 illis
699 1416 844 1480 versibus
865 1415 1004 1479 absolvit
1024 1437 1092 1480 rem
1113 1414 1355 1500 significandam
1376 1413 1479 1478 XLII

387 1522 530 1586 versibus
554 1523 739 1608 Euripidem
758 1523 919 1588 abhibere.
963 1524 1153 1588 Accuratius
1175 1534 1281 1588 autem
1310 1525 1343 1616 in
1370 1523 1478 1586 locum

387 1630 593 1716 Euripideum
628 1630 861 1715 inquirentibus
899 1631 1188 1694 controversiarum
1222 1631 1346 1694 illarum
1382 1629 1478 1692 nobis

386 1741 529 1804 venitin
550 1749 689 1803 mentem
711 1759 790 1824 quas
811 1738 852 1802 ad
874 1749 975 1802 artem
997 1737 1182 1824 disputandi
1203 1737 1413 1802 exercendam
1440 1739 1479 1801 dc

386 1849 484 1912 variis
505 1847 601 1911 rebus
621 1870 641 1912 a
660 1847 824 1912 rhetorum
846 1845 1008 1931 discipulis
1030 1847 1146 1910 scimus
1168 1868 1239 1911 esse
1260 1847 1476 1910 exercitatas:

386 1976 461 2020 nam
499 1958 606 2020 omnia
640 1957 799 2040 utrimque
831 1955 1018 2028 adferuntur
1049 1964 1239 2038 argumenta
1270 1955 1311 2018 ad
1342 1954 1477 2019 011010111

388 2065 567 2148 opinionem
583 2062 790 2148 probandam,
813 2064 1004 2126 contrariam
1019 2061 1263 2148 reprobandam,
1285 2063 1330 2126 ita
1350 2070 1386 2124 ut
1407 2071 1478 2126 tota
1535 2041 1536 2122 l

388 2171 557 2256 explicatio
586 2170 642 2234 fiat
673 2169 845 2234 admodum
875 2171 988 2234 ieiuna.
1040 2169 1139 2234 Pauci
1169 2170 1268 2252 igitur
1298 2170 1343 2233 illi
1364 2191 1476 2233 versus
1536 2147 1537 2222 1

388 2279 557 2363 Sophoclei
572 2299 667 2363 quam
681 2279 778 2361 longe
793 2278 912 2342 distent
926 2277 967 2342 ab
981 2277 1153 2342 artificiosa
1167 2279 1229 2342 ista
1244 2287 1277 2342 et
1291 2287 1476 2362 praecepto·
1537 2255 1538 2334 l

386 2410 457 2451 rum
477 2409 566 2451 111010
597 2387 772 2470 composita
795 2386 957 2471 Euripidis
987 2387 1214 2471 explicatione,
1243 2387 1345 2470 primo
1373 2386 1476 2450 elucet
1538 2361 1539 2442 1

387 2496 510 2560 obtutu.
552 2494 637 2559 Nam
659 2504 880 2580 praeterquam
903 2493 988 2580 quod
1009 2503 1140 2579 propter
1160 2495 1263 2578 ipsam
1285 2493 1476 2558 brevitatem
1539 2467 1540 2548 1

387 2603 565 2689 Sophoclea
586 2605 744 2668 sententia
758 2603 892 2666 multum
907 2603 999 2666 abest
1014 2612 1049 2666 ut
1070 2611 1163 2666 extra
1177 2601 1304 2666 fabulae
1318 2602 1476 2666 rationem
1540 2573 1541 2648 1

386 2713 491 2796 posita
513 2733 582 2776 0000
601 2709 756 2790 videatur,
784 2711 1011 2794 ingeniossime
1032 2709 1109 2774 10011
1134 2717 1230 2794 po'e‘ta
1251 2708 1336 2795 quod
1359 2709 1475 2773 sticho-

386 2819 510 2903 mythia
529 2841 604 2882 usus
626 2840 696 2882 eam
715 2819 962 2903 pronuntiavit:
994 2840 1058 2903 qua
1088 2817 1191 2882 forma
1221 2819 1375 2882 sermonis
1403 2840 1476 2882 011111

388 2928 536 2990 continuo
564 2927 627 2990 alia
655 2927 813 2990 sententia
842 2925 937 2990 0110111
966 2947 1100 3010 eamque
1134 2926 1321 3011 plerumque
1351 2935 1476 2990 contra·

386 3034 466 3097 riam
489 3034 636 3118 excipiat,
658 3034 802 3118 quamvis
825 3031 1078 3097 efficacissimum
1108 3033 1223 3097 evadat
1245 3035 1476 3098 sententiarum

387 3163 530 3224 acumen,
551 3164 602 3205 res
624 3150 732 3204 tamen
753 3140 907 3204 eiusmodi
928 3140 969 3204 ab
991 3143 1061 3226 ipsa
1086 3141 1195 3206 fabula
1226 3142 1346 3206 alienas
1376 3143 1476 3205 mani·

387 3247 505 3312 festum
528 3258 576 3314 001
604 3249 703 3312 multo
734 3249 838 3312 minus
868 3249 1007 3332 conspici
1030 3251 1173 3335 quamsi
1196 3249 1342 3332 eaedem,
1375 3259 1410 3314 ut
1440 3249 1478 3313 fit

387 3357 472 3442 apud
494 3356 689 3441 Euripidem,
713 3354 856 3419 verbosis
880 3357 1075 3420 orationibus
1098 3359 1330 3438 contineantur,
1361 3357 1478 3442 quibus

388 3463 516 3528 fabulae
538 3485 705 3548 processus
726 3462 897 3527 admodum
920 3463 1119 3528 incommode
1140 3465 1368 3550 interpelletur.

471 3571 581 3656 Atque
595 3570 636 3635 ad
651 3572 750 3656 ipsius
766 3572 903 3654 patriam
918 3571 1003 3656 quod
1022 3573 1148 3656 attinet,
1170 3571 1345 3658 Sophocles
1359 3572 1478 3638 Thesei

388 3700 488 3764 regno
510 3679 635 3764 imperii
656 3678 817 3763 popularis
841 3678 1014 3744 adfinxisse
1036 3679 1229 3746 lineamenta
1249 3681 1380 3745 minime
1403 3702 1477 3744 con·

387 3797 496 3851 tentus
519 3809 556 3852 eo
578 3787 731 3872 procedit,
754 3796 789 3850 ut
812 3789 929 3852 omissa
950 3789 1077 3852 heroica
1098 3798 1205 3854 aetate
1226 3810 1355 3874 prorsus
1374 3787 1479 3872 fingat

387 3894 457 3958 fieri
477 3895 636 3980 potuisse,
667 3904 702 3959 ut
723 3894 824 3961 libera
847 3896 1010 3981 republica
1033 3895 1247 3961 Athenienses
1268 3906 1345 3962 tunc
1372 3898 1478 3982 ipsum

387 4011 561 4086 uterentur,
585 4001 624 4066 01.
647 4001 706 4068 ΟΟ
728 4003 778 4085 66,
803 4025 865 4089 quo
890 4002 1033 4088 Oedipus
1057 4024 1207 4087 expresse
1228 4005 1405 4087 interrogat

536 4101 628 4196 ἄρχει
648 4133 698 4186 τις
720 4100 841 4190 αὐτῶν,
863 4101 883 4196 ἢ
906 4111 953 4177 ’πὶ
976 4114 1025 4195 τῷ
1046 4104 1172 4195 πλήθει
1193 4105 1292 4196 λόγος
1299 4136 1311 4190 ;

389 4219 539 4302 (quocum
561 4217 600 4281 01.
622 4217 698 4282 Ε11.
723 4217 811 4302 Cyel.
837 4212 1210 4298 119110οςκλύοντες;
1239 4210 1260 4304 ἢ
1283 4212 1477 4304 δεδήμευται

388 4317 509 4407 κράτος
517 4327 552 4407 ;).
596 4325 690 4389 Ρο101
718 4326 817 4408 igitur
847 4334 975 4410 poetam
1009 4328 1100 4413 quasi
1130 4337 1388 4412 praecurrentem
1409 4326 1477 4390 eius

387 4432 434 4496 rei
456 4433 602 4519 publicae
623 4433 745 4496 formae
766 4432 914 4498 habuisse
935 4435 1092 4506 rationem
1107 4456 1205 4520 quam
1219 4436 1328 4521 paucis
1343 4433 1477 4499 saeculis
