3126 5176
344 651 479 726 ultorum
500 654 624 724 ratione
646 661 678 718 et
700 653 832 732 consilio
854 673 947 720 usum
967 653 1014 718 rei
1035 650 1184 736 publicae
1194 653 1333 720 maximo
1349 673 1432 721 com-

343 762 438 828 modo
461 765 563 849 possit
583 783 663 844 esse,
686 761 726 825 ef.
748 745 811 825 909
832 781 879 845 sq.

493 861 567 936 ὅσοι
589 869 625 938 δὲ
648 861 709 935 σὺν
729 872 779 954 νῷ
800 860 924 955 χρηστὰ
945 860 1141 948 βουλεύονσ
1163 856 1215 936 αἐὶ

492 967 556 1042 κᾶν
576 969 622 1062 μὴ
641 975 829 1064 παραυτίκ’,
851 959 1036 1066 αὗθλςείσι
1054 967 1206 1066 χρήσιμοι
1223 973 1229 1058 Ι
1246 968 1345 1040 πόλει
1361 1027 1367 1040 .
1392 1027 1399 1040 .
1426 1029 1433 1041 .

333 1084 636 1170 ,Οοαιρεολιεοᾶὶλοτ
668 1082 744 1170 quid
774 1081 1011 1154 observandum
1036 1083 1077 1152 sit
1106 1083 1210 1168 siqui
1233 1083 1434 1148 velitmulti-

344 1191 485 1257 tudinem
508 1213 622 1278 regerc
643 1190 751 1258 verbis
774 1189 957 1290 (910tsqq.)

622 1303 771 1366 θεᾶσθαι
793 1297 820 1362 δ’
843 1291 908 1364 ὦδε
929 1289 992 1382 χρὴ
1013 1289 1076 1362 τὸν
1096 1290 1287 1384 προστάτην

493 1401 617 1472 ἰδόνθ’·
640 1397 759 1494 ὅμοιον
779 1398 842 1490 γὰρ
863 1394 903 1472 τὸ
924 1408 1032 1492 χρῆμα
1053 1406 1199 1489 γίγνεται

493 1519 543 1599 τῷ
563 1507 645 1592 τοὺς
666 1507 788 1599 λόγους
809 1513 1015 1597 λέγοντι·ιιαὶ
1036 1512 1221 1598 τιμωμένῳ,

346 1644 427 1710 quae
455 1622 532 1708 quid
562 1623 691 1688 valeant
702 1670 711 1702 ,
740 1643 812 1686 cum
834 1630 978 1686 extrema
998 1619 1097 1684 verba
1117 1621 1260 1706 graviter
1281 1621 1345 1684 sint
1366 1643 1436 1685 cor-

345 1729 499 1818 raptat),
521 1731 582 1794 etsi
603 1751 667 1794 non
690 1731 776 1794 omni
798 1751 838 1794 ex
854 1739 946 1816 parte
960 1738 1067 1816 potest
1081 1729 1228 1814 perspici,
1250 1727 1310 1792 hoc
1327 1739 1437 1793 tamen

345 1858 443 1907 unum
464 1845 579 1922 poetae
599 1835 725 1901 videtur
746 1856 933 1922 persuasum
956 1857 1026 1900 osse
1047 1837 1216 1899 temerario
1238 1835 1332 1919 volgo
1354 1857 1437 1922 opus

347 1966 416 2009 esse
436 1937 610 2030 προστάτῃ
632 1944 688 2028 (cf.
712 1943 768 2010 Or.
792 1945 860 2007 772.
884 1943 996 2030 suppl.
1018 1943 1103 2028 243),
1132 1945 1151 2008 i.
1174 1967 1200 2008 c.
1223 1954 1357 2032 patrono
1380 1946 1438 2030 qui
1556 2009 1557 2016 ς

347 2053 413 2117 eius
435 2053 568 2118 tutelam
589 2051 807 2136 administret,
837 2053 928 2138 quasi
958 2053 1061 2136 ipsum
1083 2051 1224 2116 nondum
1243 2052 1284 2118 ad
1306 2053 1437 2116 maturi-

346 2169 445 2224 tatem
466 2159 656 2250 pervenerit.
701 2159 810 2248 Atque
831 2159 926 2224 etiam
948 2159 1067 2242 magis,
1098 2157 1175 2246 quid
1197 2161 1230 2222 in
1252 2159 1438 2226 universum

348 2267 467 2331 iudicet
481 2265 521 2331 de
537 2265 749 2332 multitudinis
764 2276 889 2349 natura,
911 2267 1112 2352 perspicuum
1123 2266 1160 2330 fit
1171 2289 1210 2331 ex
1223 2265 1279 2332 Or.
1291 2265 1352 2331 696
1364 2288 1437 2354 sqq.

337 2380 340 2386 '
498 2363 582 2439 ὅταν
602 2366 664 2460 γὰρ
686 2363 749 2464 ἡβᾷ
771 2374 872 2459 δῆμος
893 2372 939 2450 εἰς
960 2364 1062 2460 ὀργὴν
1082 2367 1205 2453 πεσὼν,

497 2471 616 2565 ὅμοιον
637 2472 722 2547 ὥστε
743 2483 812 2566 stip
832 2481 1031 2563 κατασβέσαι
1052 2475 1194 2570 λάβρον·

495 2587 524 2654 εἰ
546 2589 574 2654 δ’
598 2579 727 2674 ἡσύχως
748 2612 798 2665 τις
819 2578 923 2666 αὐτὸς
945 2587 1128 2655 ἐντείνοντι
1148 2589 1210 2674 μὲν

493 2699 606 2780 χαλῶν
626 2687 760 2761 ὑπείκοι
781 2689 899 2781 καιρὸν
921 2685 1175 2782 εὐλαβούμενος,

495 2801 574 2880 ἴσως
596 2794 638 2868 ἃν
661 2797 861 2870 ἒκπνεύσεί·
884 2795 1017 2868 ὅτανδ’
1038 2793 1100 2888 dur]
1123 2797 1240 2888 πνοὰς,

492 2905 604 2994 τύχοις
626 2901 669 2976 ἂν
690 2900 796 2976 αἰτοῦ
817 2907 938 3000 ῥᾳδίας
960 2902 1042 2977 ὅσον
1063 2912 1184 2988 θέλεις.

345 3015 436 3098 Quae
457 3028 489 3082 et
510 3019 581 3108 ipsa
603 3039 754 3086 excursus
777 3018 846 3081 loco
869 3018 973 3102 posita
991 3019 1024 3086 in
1039 3017 1177 3084 Menelai
1193 3019 1335 3084 oratione
1350 3016 1438 3084 haud

345 3123 441 3190 dubie
463 3134 611 3216 spectant
632 3123 674 3193 ad
696 3125 939 3190 Atheniensium
960 3125 1127 3212 populum,
1158 3127 1212 3212 qui
1233 3137 1269 3190 ut
1290 3127 1381 3214 quasi
1401 3127 1438 3190 in

236 3291 239 3298 .
343 3233 471 3318 speculo
491 3234 741 3298 inconstantiam
762 3255 854 3300 suam
875 3242 1017 3315 cernant,
1047 3243 1143 3320 poe'ta
1172 3233 1279 3299 studet
1301 3233 1435 3300 efficere

344 3337 470 3404 Eodem
490 3339 593 3406 tendit
616 3339 673 3407 Or.
699 3340 759 3406 782

345 3445 414 3512 ΟΡ.
435 3447 491 3513 καὶ
512 3440 553 3513 τὸ
575 3451 708 3534 πρᾶγμα
736 3449 765 3532 γ’
787 3441 920 3516 ἔνδικόν
939 3472 1006 3533 μοι.
1036 3451 1107 3516 ΠΥ.
1128 3453 1178 3534 τῷ
1199 3450 1311 3516 δοκεῖν
1332 3439 1434 3534 εὔχου

839 3549 955 3640 μόνον,

344 3659 458 3746 Neque
479 3661 563 3726 enim
590 3662 688 3746 ipsius
721 3683 836 3726 causae
864 3663 1058 3748 aequitatem
1089 3664 1122 3726 in
1151 3662 1274 3728 iudiciis
1295 3663 1437 3729 ferendis

343 3769 456 3852 volgus
478 3769 559 3834 solet
572 3770 742 3856 respicere,
766 3769 822 3834 sed
837 3792 1043 3856 quascunque
1057 3770 1204 3835 omnibus
1220 3771 1437 3857 sophistarum

343 3874 399 3957 (cf.
421 3876 491 3941 710.
513 3877 587 3959 716)
610 3877 734 3942 artibus
757 3880 806 3942 usi
828 3880 1064 3943 contionatores
1093 3879 1126 3942 in
1157 3881 1271 3945 animis
1293 3881 1437 3945 excitant

344 3983 516 4067 opiniones,
539 4007 592 4049 eas
614 3987 765 4071 quamvis·
783 4009 882 4052 vanas
904 3998 1099 4072 sequuntur,
1130 4009 1192 4072 quc
1214 3987 1282 4052 fere
1303 3987 1435 4052 tendere

410 4237 448 4302 *θλ
462 4241 588 4296 sortasse
600 4257 661 4294 cnm
680 4243 774 4294 Wsitio
792 4259 838 4308 pro
850 4241 1001 4317 τιμωμένῳ
1012 4244 1155 4310 legendum
1166 4251 1207 4296 est
1220 4241 1339 4316 ἰωμένῳ,
1358 4244 1430 4310 quud

342 4329 430 4375 tamen
447 4326 592 4396 genuinum
611 4343 667 4378 esse
685 4344 738 4378 non
756 4329 943 4388 contenderim.
