3126 5176
834 455 875 520 90

304 653 458 737 legitima,
480 675 588 718 carum
610 655 642 717 in
664 654 732 717 iure
753 652 880 738 publico
903 653 1051 718 cohaeret
1083 655 1227 719 condicio
1257 678 1320 741 qua
1343 679 1408 740 per

305 771 405 826 totam
436 763 536 826 vitam
567 761 737 826 infantium
771 763 872 825 instar
902 783 1065 845 nunquam
1093 765 1142 826 sui
1170 765 1247 828 iuris
1267 763 1405 828 fiebant.

304 867 420 952 Neque
442 870 526 932 enim
548 867 674 952 publice
696 867 771 952 quid
793 889 891 950 agere
912 869 950 930 iis
972 867 1089 933 licebat
1104 871 1166 934 nisi
1187 879 1405 955 portatorem

306 973 464 1059 quendam
486 969 626 1059 (κύριον,
649 964 864 1060 ὀρφανιστήν,
887 974 927 1038 of.
952 976 1002 1037 Ai.
1018 975 1088 1039 512.
1111 977 1198 1060 945),
1221 979 1309 1042 cuius
1330 989 1404 1042 ute·

307 1082 422 1146 bantur
451 1083 638 1167 patrocinio.
689 1084 798 1167 Atque
831 1093 863 1146 et
894 1084 1003 1146 uxoris
1035 1092 1067 1146 et
1098 1083 1235 1148 filiarum
1265 1087 1405 1151 tutelam

307 1198 556 1253 consentaneum
586 1199 634 1253 est
663 1191 802 1273 gessisse
831 1199 955 1276 patrem
982 1189 1119 1254 familias
1148 1190 1284 1272 (otoo
1309 1193 1405 1276 1041,

197 1368 200 1374 ,
305 1295 360 1360 ubi
380 1294 524 1362 Theseus
547 1295 623 1362 dicit

837 1393 912 1488 οὐχὶ
933 1397 1102 1488 παύσομαι

454 1514 535 1599 πρὶν
556 1503 598 1577 ἄν
619 1534 654 1577 σε
676 1515 747 1576 τῶν
768 1513 837 1577 σῶν
857 1504 975 1596 κύριον
996 1505 1107 1596 στήσω
1128 1511 1258 1576 τέκνων
1276 1535 1283 1575 :

308 1642 370 1705 quo
393 1620 544 1684 defuncto
566 1618 606 1683 ad
628 1619 808 1704 proximum
830 1619 982 1701 gentilem
1005 1618 1189 1682 transibat:
1212 1639 1274 1703 quo
1296 1619 1343 1702 fit,
1366 1629 1406 1684 ut

306 1727 366 1794 00
388 1727 450 1793 830

458 1822 519 1916 οὐχ
542 1825 671 1918 ἅψομαι
691 1821 785 1898 τοῦδ’
806 1821 938 1917 ἀνδρὸς,
960 1821 1044 1897 cilici
1068 1836 1140 1918 τῆς
1162 1831 1269 1918 ἐμῆς,

307 1961 443 2026 quocum
464 1941 504 2006 cf.
527 1942 560 2004 in
582 1940 643 2005 833
664 1940 764 2004 verba

680 2073 686 2082 ·
752 2041 853 2125 τοὺς
874 2040 1000 2132 ἐμοὺς
1020 2038 1100 2132 ἄγω,

294 2156 412 2221 -Oreon
429 2177 500 2221 cum
515 2157 620 2241 specie
635 2155 771 2240 quadam
786 2156 863 2220 iuris
878 2155 1051 2220 contendat
1065 2156 1178 2219 merito
1194 2176 1228 2219 se
1243 2154 1406 2220 abducere

307 2263 388 2328 filias
411 2263 539 2348 Oedipi,
561 2285 624 2349 quo
647 2264 779 2348 expulso
802 2272 851 2347 et,
880 2262 921 2326 ad
950 2263 998 2326 ius
1028 2263 1121 2327 civile
1148 2261 1234 2347 quod
1255 2262 1405 2345 attineat,

307 2373 398 2458 quasi
419 2381 544 2436 mortuo
566 2372 672 2456 patria
693 2379 836 2456 potestas
858 2370 899 2435 ad
921 2392 956 2434 se
977 2379 1013 2434 ut
1034 2370 1074 2434 ad
1096 2363 1214 2455 κύριον
1227 2371 1404 2434 transierit.

388 2480 497 2564 Atque
518 2479 559 2544 ad
581 2479 819 2543 matrimonium
842 2478 926 2563 quod
948 2479 1083 2559 attinet,
1112 2479 1215 2562 primo
1243 2479 1312 2542 loco
1334 2497 1403 2540 mo-

267 2591 277 2610 *
307 2587 448 2651 nondum
470 2595 519 2651 est
540 2607 670 2672 perraro
692 2586 812 2652 factum
835 2607 905 2649 esse
926 2587 959 2648 in
981 2583 1129 2668 Graecia,
1152 2594 1187 2648 ut
1209 2585 1323 2649 mulier
1344 2605 1405 2669 per

306 2701 407 2760 totam
428 2695 528 2758 vitam
557 2703 759 2778 permaneret
790 2695 823 2756 iu
845 2691 1031 2756 caelibatu:
1063 2692 1147 2777 quod
1181 2713 1253 2756 oum
1274 2691 1405 2756 aliunde

306 2811 504 2885 compertum
536 2800 690 2866 habemus
729 2809 799 2864 tum
831 2822 871 2865 ex
903 2799 1063 2888 nonnullis
1095 2799 1172 2863 locis
1204 2798 1403 2883 Sophocleis,

309 2907 424 2992 quibus
446 2909 479 2971 in
501 2908 568 2972 vita
589 2907 710 2972 caelibe
740 2927 896 2971 summam
925 2907 1098 2970 consistere
1127 2906 1289 2970 miseriam
1316 2903 1405 2970 haud

306 3013 441 3078 obscure
461 3015 686 3098 pronuntiatur
708 3016 758 3097 (ut
779 3013 840 3080 ΟΒ
863 3013 943 3077 1492
967 3034 1016 3097 sq.
1043 3013 1083 3076 ci.
1107 3013 1189 3077 1500
1208 3033 1278 3097 sqq.
1324 3013 1402 3076 Ant.

307 3120 368 3186 812
379 3142 449 3206 sqq.
465 3121 535 3186 867.
547 3121 617 3186 876.
640 3121 700 3186 917
714 3143 760 3206 sq.
778 3121 817 3185 cf.
831 3120 906 3184 Eur.
918 3119 991 3184 Hel.
1006 3119 1091 3203 283).
1136 3119 1272 3184 Athenis
1294 3130 1403 3184 autem

307 3229 453 3313 quamvis
475 3251 495 3292 a
516 3231 625 3314 paucis
648 3238 755 3293 tamen
777 3229 819 3292 ab
841 3229 962 3313 optimo
985 3249 1112 3312 quoque
1141 3228 1256 3291 civium
1278 3226 1403 3311 Sopho·

307 3336 362 3400 clis
385 3336 453 3400 fere
474 3336 670 3421 temporibus
683 3336 858 3422 ¹probabile
879 3344 928 3399 est
949 3335 1048 3420 pluris
1063 3335 1225 3400 aestimari
1240 3334 1403 3397 matrimo-

306 3444 394 3508 nium
416 3464 486 3508 esse
509 3454 657 3529 coeptum
680 3469 686 3509 :
718 3466 794 3508 nam
815 3445 902 3528 prius
925 3442 969 3506 ibi
991 3463 1087 3527 quam
1108 3443 1140 3505 in
1164 3443 1277 3506 ceteris
1301 3439 1402 3506 Grac-

307 3551 374 3614 ciae
395 3549 578 3615 civitatibus
601 3553 762 3616 sententia
788 3551 915 3615 videtur
944 3551 1120 3614 obtinuisse
1148 3571 1212 3632 qua
1238 3549 1402 3612 matrimo-

305 3658 394 3722 nium
415 3657 589 3742 putabatur
610 3680 676 3722 non
692 3659 794 3722 solum
806 3659 954 3742 ¹contrahi
968 3657 1009 3722 ad
1024 3659 1198 3740 ingenuum
1214 3656 1404 3738 sanguinem

308 3763 561 3850 propagandum,
590 3766 645 3830 sed
669 3787 706 3830 eo
729 3766 876 3848 consilio,
907 3775 942 3830 ut
973 3773 1058 3829 esset
1085 3764 1246 3828 κοινωνία
1274 3755 1404 3838 παντὸς

306 3875 369 3938 τοῦ
389 3873 466 3952 βίον
487 3872 542 3954 (cf.
566 3871 663 3937 Isocr.
686 3872 715 3956 3,
737 3873 779 3937 40
800 3874 915 3955 simil).
949 3871 1040 3950 Quae
1061 3880 1170 3934 tamen
1190 3891 1254 3933 non
1275 3878 1404 3954 poterat

308 3979 389 4044 effici
410 3981 473 4044 nisi
494 3982 626 4045 maritus
657 3991 728 4046 erat
757 3982 807 4044 vir
827 3982 998 4060 honestus,
1026 4000 1108 4042 uxor
1134 3988 1241 4042 autem
1262 3975 1403 4061 prudens

308 4095 405 4170 atque
426 4086 546 4152 docilis.
589 4087 674 4151 Nam
704 4087 745 4152 ob
772 4087 806 4152 id
837 4089 940 4173 ipsum
968 4087 1117 4150 mulieres
1147 4105 1242 4169 saepe
1269 4082 1404 4165 indigna

310 4193 483 4258 utebantur
505 4193 700 4278 condicione,
723 4197 798 4280 quia
819 4196 944 4278 sponsis
975 4195 1022 4256 sui
1044 4195 1127 4257 inter
1149 4215 1184 4256 se
1204 4193 1334 4277 propius
1356 4193 1402 4255 in-

311 4300 466 4384 spiciendi
495 4301 582 4365 nulla
609 4301 762 4366 facultate
790 4302 876 4365 facta
903 4301 1088 4386 pleraeque,
1126 4322 1197 4364 cum
1228 4298 1403 4381 nubebant,
