3126 5176
552 483 750 594 ‚³⁵—

101 695 296 781 quibuscum
318 698 358 762 cf.
381 699 439 763 '141

207 810 374 883 ...πᾶς
405 823 440 872 σε
469 806 699 892 Καδμείων
719 800 824 885 λεός
851 807 855 892 Ι
878 813 976 875 καλεῖ
996 859 1004 874 .
1027 861 1066 875 ..

38 979 43 984 ,
100 921 136 976 et
157 913 221 978 849
242 934 312 998 sqq.

488 1078 495 1090 .
519 1077 525 1090 .
549 1078 556 1091 .
579 1015 651 1092 ἄλλ’
672 1023 746 1092 ἐπεὶ
767 1031 865 1092 νικᾶν
885 1027 998 1103 θέλεις

203 1132 348 1216 πατρίδα
369 1155 406 1198 τε
428 1127 489 1218 τὴν
510 1125 570 1219 σὴν
589 1136 644 1199 καὶ
667 1135 832 1216 φίλους,
862 1126 925 1217 ὑφ’
946 1118 1002 1200 dv
1030 1127 1091 1218 ἐμοὶ

203 1241 385 1324 ταχθεὶς
405 1235 477 1306 τόδ’
500 1237 594 1325 ἔρδω,
622 1241 677 1306 καὶ
698 1236 862 1327 τύραννος
885 1233 934 1307 dv
954 1233 1045 1326 ὅμως
1067 1294 1073 1306 .
1098 1294 1105 1306 .
1129 1293 1135 1306 .

101 1346 235 1412 Ismene
255 1357 361 1412 autem
383 1348 468 1434 quod
488 1370 553 1412 non
573 1349 670 1414 audet
698 1349 770 1439 βὶρι
798 1353 992 1415 πολιτῶν
1019 1371 1117 1434 agere
1139 1349 1194 1430 (cf.

100 1455 181 1520 Aut.
206 1457 255 1520 79.
278 1457 352 1538 907)
381 1457 513 1542 perinde
541 1480 579 1522 ac
609 1460 636 1521 si
663 1457 889 1523 Thebanorum
910 1457 1045 1544 populus
1072 1479 1110 1522 ac
1130 1477 1196 1520 non

102 1566 173 1648 ipse
194 1574 349 1649 tyrannus
366 1564 553 1649 Polynicem
566 1567 706 1631 vetuerit
721 1567 857 1652 sepeliri,
879 1565 941 1630 hoc
955 1564 1067 1630 eodem
1082 1565 1195 1630 cadere

102 1671 310 1736 manifestum
332 1683 389 1737 est.

186 1779 447 1864 Ingeniosissime
468 1804 545 1846 vero
566 1784 760 1869 minimeque
781 1783 914 1846 fortuito
929 1779 1108 1867 tyrannidis
1122 1801 1193 1865 pra-

100 1891 237 1952 vitatem
257 1890 381 1974 imperii
404 1889 567 1974 popularis
589 1891 700 1955 virtuti
716 1891 864 1976 opposuit
878 1898 974 1975 poe’ta
987 1889 1194 1954 altercatione

102 1997 159 2061 illa
180 1995 354 2061 Haemonis
377 2006 409 2062 et
431 1997 580 2063 Creontis
603 2019 686 2084 quae
707 2000 888 2062 continetur
909 1997 987 2062 Ant.
1010 1995 1072 2062 732
1093 2017 1163 2081 sqq.

206 2105 276 2170 KP.
300 2096 360 2189 οόχ
381 2097 438 2191 ἥδε
458 2100 521 2191 γὰρ
542 2107 647 2196 τοιᾷδ’
669 2105 865 2193 ἐπείληπται
886 2101 977 2192 νόσῳ
983 2131 995 2185 ;

202 2213 260 2277 ΑΙ.
284 2205 325 2279 οὔ
346 2233 424 2299 φησι
448 2209 556 2300 Θήβης
576 2215 666 2300 τῆσδ’
688 2205 873 2299 ὁμόπτολις
895 2208 988 2291 λεώς.

204 2321 273 2386 ΚΡ.
294 2316 392 2399 πόλις
413 2315 476 2407 γὰρ
497 2314 574 2408 ἡμῖν
595 2313 656 2407 ἁμὲ
677 2317 740 2407 χρὴ
760 2317 894 2389 τάσσειν
910 2321 1002 2405 doen

201 2429 260 2493 AI.
283 2420 362 2513 ὁρᾶς
383 2424 454 2496 τόδ
476 2421 522 2506 ὡς
545 2429 677 2516 εἴρηκας
699 2420 744 2506 ὡς
765 2421 850 2514 όγαν
870 2429 946 2505 νέος
953 2455 965 2507 ;

201 2537 272 2602 ΚΡ.
295 2530 385 2625 ἄλλῳ
405 2532 468 2624 γὰρ
489 2531 510 2624 ἢ
532 2540 597 2622 ’μοὶ
617 2532 679 2623 χρί
700 2561 740 2622 με
761 2537 852 2622 ruod
874 2528 988 2622 ἄρχειν
1006 2529 1155 2620 χθονός

201 2645 261 2710 ΑΙ.
282 2640 379 2723 πόλις
399 2641 461 2732 γὰρ
483 2637 546 2712 οόκ
568 2644 640 2712 ἔσθ’
663 2637 734 2731 ἥτις
756 2635 877 2730 ἀνδρὸς
898 2644 971 2710 ἐσθ’
993 2637 1077 2721 ἑνός.

200 2753 272 2818 KP.
294 2745 334 2821 oc'
355 2759 416 2821 τοῦ
437 2759 643 2840 κρατοῦντος
664 2746 684 2839 ἦ
705 2747 805 2830 πόλις
825 2755 1013 2838 corrigerem

201 2861 259 2926 ΑΙ.
281 2867 391 2939 καλῶς
411 2857 530 2949 ἐρήμης
550 2864 579 2948 γ’
601 2854 644 2927 όν
664 2856 705 2928 οι)
726 2866 785 2947 γῆς
806 2852 919 2946 ἄρχοις
940 2855 1051 2946 μόνος.

100 2969 186 3034 Nam
208 2991 271 3054 qua
291 2993 326 3035 re
340 2971 586 3035 Atheniensium
600 2972 724 3035 animos
746 2971 850 3054 magis
871 2971 992 3055 putatis
1007 2989 1078 3033 esse
1092 2968 1193 3032 delec-

102 3087 188 3142 tatos
211 3097 305 3163 quam
327 3078 436 3143 audita
455 3078 550 3144 laude
571 3079 638 3143 eius
659 3078 855 3164 reipublicae
877 3079 964 3142 cuius
993 3079 1127 3141 virtutes
1154 3077 1193 3140 iis

100 3196 211 3250 essent
232 3188 358 3271 penitus
379 3189 494 3252 insitae
515 3209 579 3251 non
601 3188 705 3250 minus
734 3208 830 3272 quam
859 3185 967 3250 odium
988 3183 1193 3270 tyrannidis?

101 3293 168 3356 Hic
188 3303 295 3358 autem
315 3295 403 3359 locus
425 3295 609 3380 aptissimus
625 3317 695 3360 esse
709 3293 837 3358 videtur
850 3293 892 3357 ad
907 3293 1194 3358 demonstrandum

103 3413 258 3486 quantum
287 3403 414 3468 intersit
444 3406 528 3468 inter
548 3403 760 3488 Sophocleam
788 3413 891 3466 artem
915 3411 948 3465 et
976 3399 1191 3485 Euripideum.

99 3509 272 3594 Euripides
294 3513 386 3596 enirn,
409 3521 445 3576 ut
459 3533 584 3595 semper
605 3509 636 3574 id
652 3509 802 3574 studebat
822 3520 858 3573 ut
879 3529 976 3594 quam
997 3509 1193 3593 amplissima

100 3619 335 3703 spectatoribus
364 3619 533 3704 praeberet
561 3618 812 3700 oblectamenta,
842 3639 884 3681 ue
911 3616 972 3681 hac
1001 3616 1130 3702 quidem
1157 3639 1193 3680 re

100 3727 326 3810 praetermissa
347 3725 481 3790 similem
496 3725 540 3789 illi
561 3725 695 3790 duarum
716 3723 910 3809 reipublicae
924 3723 1099 3788 formarum
1120 3745 1190 3809 pro-

100 3835 174 3898 tulit
196 3836 465 3919 comparationem
487 3859 494 3898 :
519 3855 601 3919 quae
624 3834 804 3897 continetur
826 3832 937 3918 Suppl.
957 3831 1101 3896 ola-56
1123 3834 1190 3917 qui-

99 3940 160 4004 bus
181 3939 325 4007 Theseus
355 3941 395 4006 de
416 3944 537 4026 optima
558 3942 605 4006 rei
628 3939 774 4026 publicae
801 3939 905 4003 forma
933 3961 1005 4003 cum
1033 3960 1192 4023 praecone

98 4048 255 4114 Thebano
277 4049 450 4114 collocutus
471 4050 639 4134 imperium
668 4047 822 4132 populare
849 4047 890 4109 ab
921 4048 988 4110 eius
1010 4045 1190 4132 opprobriis

97 4157 252 4221 defendit.
295 4157 415 4223 Praeco
444 4159 528 4222 enim
559 4154 719 4220 celebrata
741 4152 968 4217 Thebanorum
997 4153 1190 4239 republica,

95 4267 131 4328 in
154 4283 311 4350 quacum
332 4288 430 4351 penes
450 4285 550 4329 unum
572 4265 613 4327 sit
636 4281 759 4326 summa
779 4262 914 4346 imperii,
936 4281 1002 4325 non
1023 4262 1189 4325 invenian-

96 4381 152 4438 tur
173 4374 407 4438 contionatores
429 4374 483 4458 qui
512 4369 748 4435 adulationibus
777 4369 818 4433 ad
849 4371 1028 4454 perniciosa
1058 4369 1190 4433 consilia

943 4487 994 4552 3*
