3126 5176
356 700 548 778 spectarent,
578 692 748 755 multorum
771 689 864 760 brevi
885 687 983 754 animi
1005 695 1080 751 sunt
1101 684 1227 770 infecti,
1260 686 1293 750 in
1314 685 1364 750 his
1385 685 1449 751 Eu-

358 800 469 887 ripidis
503 801 559 885 qui
592 820 662 863 oum
693 807 808 862 natura
838 817 994 861 novarum
1026 815 1131 859 rerum
1164 803 1249 858 esset
1284 803 1448 880 appetens,

358 929 480 972 summo
503 929 574 970 cum
597 907 709 989 vigore
730 905 864 990 arripuit
883 924 1001 968 novam
1019 903 1106 967 illam
1127 922 1233 968 rerum
1255 901 1448 988 contempla-

358 1016 478 1080 tionem
500 1037 563 1100 qua
584 1015 616 1077 in
639 1013 726 1078 nulla
739 1035 776 1078 re
797 1014 900 1099 posita
921 1013 982 1076 nisi
998 1012 1038 1098 Ιἰη
1060 1019 1167 1074 mente
1188 1031 1226 1074 ac
1240 1011 1365 1074 ratione
1385 1031 1448 1073 non

356 1122 452 1188 modo
475 1121 514 1186 de
535 1121 631 1186 rebus
653 1121 770 1185 divinis
791 1119 848 1185 sed
870 1120 910 1184 de
930 1120 1080 1184 universa
1101 1117 1264 1182 hominum
1285 1119 1353 1181 vita
1380 1138 1448 1182 sen·

357 1227 458 1295 tiendi
481 1251 562 1315 quae
581 1230 679 1294 velles
702 1227 926 1293 continebatur
947 1212 1087 1292 libertas.
1138 1225 1230 1304 Quae
1251 1225 1358 1290 studia
1378 1245 1449 1289 cum

357 1339 491 1402 multum
520 1337 664 1402 valerent
693 1337 734 1399 ad
761 1334 924 1421 Euripidis
959 1335 1123 1417 ingenium
1152 1333 1372 1416 formandum,
1408 1332 1448 1398 ab

358 1444 513 1529 Aeschyli
536 1446 590 1531 qui
612 1446 817 1530 antiquorum
836 1465 962 1508 morum
983 1444 1205 1527 maiorumque
1226 1443 1354 1526 pietatis
1377 1443 1448 1506 sim·
1550 1461 1551 1490 ¹

357 1553 508 1638 plicitatis
538 1552 714 1616 modestiae
742 1573 778 1615 se
813 1551 1019 1635 praestiterat
1048 1549 1249 1614 defensorem
1279 1549 1385 1614 indole
1413 1572 1449 1614 ac
1550 1557 1551 1560 ’

357 1661 482 1724 ratione
504 1659 600 1743 longe
621 1681 694 1724 eum
715 1660 885 1724 recessisse
899 1667 1148 1723 consentaneum
1168 1668 1225 1722 est.
1268 1657 1392 1742 Itaque,
1415 1667 1448 1721 ut
1550 1649 1551 1714 l

358 1767 573 1853 sophistarum
596 1765 743 1831 doctrina
764 1776 833 1831 erat
854 1767 1030 1846 institutus,
1062 1785 1127 1829 non
1149 1766 1226 1829 satis
1248 1764 1388 1829 habebat
1410 1787 1449 1828 ex

359 1875 477 1940 tradita
497 1875 676 1939 fabularum
700 1876 834 1939 materie
865 1873 1047 1958 tragoedias
1070 1873 1294 1958 composuisse,
1316 1872 1383 1956 sed,
1414 1883 1449 1936 ut
1477 1895 1482 1904 ·
1550 1881 1551 1936 i

359 1992 453 2048 acute
475 1983 553 2048 dicit
573 1981 733 2047 Henricus
755 1981 890 2067 Weill),
912 1981 1144 2066 mythologiam
1166 1991 1297 2046 conatus
1319 2003 1447 2045 conver·
1485 1979 1486 1984 ’

360 2100 429 2155 tore
450 2092 483 2154 in
505 2069 747 2175 psychologiam
769 2091 877 2155 omnia
898 2111 980 2176 quae
1001 2091 1102 2154 menti
1129 2111 1167 2154 ac
1194 2080 1311 2155 rationi
1337 2109 1449 2172 parum

358 2198 551 2262 videbantur
572 2198 765 2284 respondere
775 2199 806 2261 si
820 2220 885 2262 non
900 2197 1043 2263 funditus
1065 2199 1167 2263 eicere
1181 2197 1222 2262 ad
1237 2219 1328 2262 suum
1342 2207 1450 2262 tamen

359 2305 528 2370 arbitrium
558 2305 682 2370 solebat
709 2315 904 2370 commutare
933 2306 988 2388 (ci.
1012 2309 1068 2370 Ar.
1090 2308 1171 2372 Ran.
1194 2307 1253 2371 971
1276 2327 1345 2392 sqq.
1370 2306 1450 2371 1052

293 2426 295 2432 '
360 2414 456 2499 sqq.).
500 2413 626 2479 Deinde
659 2415 700 2478 ad
732 2424 834 2479 artem
866 2414 951 2500 quod
982 2416 1098 2480 attinet
1130 2415 1292 2479 hominnm
1321 2415 1451 2498 ingenia

361 2521 574 2607 depingendi‚
607 2543 714 2588 eorum
747 2523 802 2608 qui
823 2543 976 2607 personas
1007 2533 1238 2588 consueverant
1267 2521 1379 2588 efferre
1409 2520 1450 2584 ad

359 2630 587 2696 sublimitatem
600 2631 763 2716 quandam
776 2640 933 2696 remotam
949 2653 968 2695 a
983 2632 1161 2698 cotidianae
1172 2633 1258 2696 vitae
1272 2631 1449 2710 humilitate
1550 2639 1551 2652 ¹

354 2738 439 2804 'adeo
463 2761 528 2804 non
549 2741 693 2824 sequitur
714 2741 879 2821 rationem,
901 2751 937 2804 ut
958 2740 1101 2805 homines
1116 2739 1277 2806 describat
1298 2761 1364 2804 non
1385 2749 1449 2804 tam

360 2845 454 2923 οἵους
468 2848 520 2913 del
539 2843 645 2934 [εἶναι]
669 2867 764 2931 quam
779 2841 846 2912 οἶοί
861 2847 977 2922 εἰσινῆ
993 2871 1001 2912 :
1017 2869 1080 2933 quo
1094 2848 1139 2930 fit,
1161 2858 1197 2912 ut
1211 2849 1318 2913 multis
1334 2857 1365 2912 et
1379 2869 1448 2912 nar·
1550 2905 1551 2940 ἒ

361 2955 539 3018 rationibus
562 2964 594 3018 et
616 2953 780 3038 colloquiis
804 2975 899 3039 sapor
920 2955 1050 3038 quidam
1070 2957 1146 3020 insit
1160 2956 1293 3020 acerbus
1313 2965 1346 3020 et
1360 2956 1454 3046 quasi

365 3063 513 3126 ironicus.
557 3061 631 3140 Qua
653 3061 882 3126 consuetudine
902 3083 977 3126 usus
1000 3085 1193 3149 quamquam
1213 3065 1340 3149 saepius
1362 3085 1449 3149 egre·
1550 3067 1551 3092 ³

362 3171 641 3255 giaosagacitatis
664 3171 806 3255 artisque
833 3171 1005 3234 minutiora
1037 3172 1237 3262 ingeniorum
1259 3172 1451 3237 lineamenta

353 3278 533 3344 *efficaciter
554 3277 736 3343 delineandi
757 3277 905 3364 praebuit
920 3280 1075 3366 exempla,
1097 3279 1182 3346 haud
1196 3282 1243 3345 ita
1257 3301 1329 3344 raro
1344 3290 1448 3345 tamen

362 3386 548 3471 tragoediae
570 3386 760 3472 dignitatem
783 3386 975 3452 obscuravit.

444 3493 488 3558 Et
509 3495 660 3580 quoniam
690 3495 731 3560 de
757 3498 933 3580 sagacitate
955 3496 1116 3582 Euripidis
1145 3506 1194 3562 est
1216 3517 1338 3580 sermo,
1365 3495 1450 3561 aliud
1550 3501 1551 3526 l

363 3601 424 3666 hoc
444 3601 513 3666 loco
535 3601 613 3666 mihi
633 3603 874 3668 memorandum
902 3612 952 3668 est
979 3604 1063 3690 quod
1093 3626 1157 3668 non
1187 3603 1278 3690 parvi
1298 3604 1451 3668 momenti
1550 3591 1551 3594 ¹

363 3731 432 3774 esse
462 3708 591 3794 uidetur
622 3709 663 3774 ad
695 3710 761 3774 eius
792 3711 1021 3794 proprietatem
1053 3711 1315 3795 cognoscendam.
1366 3709 1450 3776 Nam

363 3837 434 3882 cum
455 3815 636 3902 Aeschylus
651 3817 692 3898 'in
712 3818 825 3882 mediis
846 3817 943 3882 robus
966 3817 1110 3882 civihbus
1131 3839 1256 3904 semper
1284 3821 1354 3904 ipse
1381 3839 1449 3884 ver·

364 3934 451 3989 satus
473 3945 539 3988 non
560 3926 665 3989 minus
687 3925 923 4011 quodammodo
945 3925 1118 4010 tragoediis
1139 3928 1205 3990 suis
1226 3948 1322 4012 quam
1354 3929 1448 3993 armis
1550 3983 1551 3986 ,

431 4169 452 4231 ⁸)
472 4173 506 4222 Η.
525 4173 603 4237 Wsil,
622 4174 688 4239 Sept
705 4172 838 4239 tragedias
857 4173 1025 4240 d'Enripide.
1061 4175 1136 4227 Paris
1156 4179 1228 4228 1879.
1264 4193 1289 4243 p.
1308 4177 1364 4228 675.
1405 4171 1408 4176 ’

431 4256 453 4324 ⁴)
472 4257 549 4320 Quod
575 4259 660 4324 ipsius
688 4259 826 4325 Sophoclis
855 4259 984 4310 iudicium
1009 4261 1120 4313 exhibet
1144 4263 1252 4314 Aristot.
1279 4267 1349 4330 post
1368 4277 1390 4312 a
1410 4264 1448 4314 25.

365 4345 404 4396 ot
423 4344 468 4395 Ar.
487 4345 552 4396 Rau.
571 4347 628 4396 959.
