3126 5176
636 447 676 516 53

106 644 181 720 acta
211 652 338 740 publice
369 674 450 739 quas
479 653 520 717 ad
549 673 617 716 rem
645 649 848 738 pertinebant
876 652 1018 737 principe
1040 653 1195 718 contionis

105 761 247 828 iubente.

190 871 300 956 Atque
322 869 400 934 haec
421 869 610 954 paucissima
631 877 664 932 et
680 867 813 953 singulis
834 867 912 930 locis
934 865 1080 952 dispersa
1101 889 1196 952 quam

105 1001 211 1064 paena
233 987 425 1043 evanescant
445 997 522 1061 prae
545 977 695 1040 continua
716 975 769 1042 illa
794 997 832 1040 ao
860 971 1027 1060 splendida
1054 995 1137 1060 quae
1162 965 1206 1042 in'

104 1085 271 1171 Euripidis
295 1083 411 1150 Oreste
432 1071 593 1147 invenitur
615 1083 771 1147 contionis
786 1081 999 1168 descriptione
1014 1105 1096 1169 quae
1110 1085 1195 1148 omni

103 1215 146 1258 ex
170 1202 263 1279 parte
283 1191 324 1257 ab
346 1190 591 1256 Atheniensium
612 1189 754 1254 moribus
776 1200 825 1254 est
846 1191 992 1275 repetita,
1014 1212 1108 1256 nemo
1129 1197 1193 1256 non

103 1301 205 1366 videt.
233 1294 317 1366 'Neo
338 1301 442 1364 minus
464 1298 560 1382 longe
589 1299 621 1362 in
651 1297 699 1362 his
725 1296 821 1362 rebus
849 1297 890 1363 ab
919 1298 1099 1384 Aeschyleo
1126 1309 1195 1364 arte

103 1409 317 1495 Sophocleum
356 1408 475 1472 distare
505 1429 545 1471 ex
577 1405 830 1472 consideratione
859 1405 1009 1472 discimus
1043 1408 1194 1472 orationis

103 1519 190 1584 illius
212 1538 275 1602 que
297 1515 429 1580 Danaus
450 1525 568 1598 narrat,
591 1513 749 1600 quomodo
760 1565 769 1599 ,
797 1525 833 1579 ut
855 1516 1013 1600 supplices
1035 1515 1119 1581 filiae
1140 1538 1192 1580 ex·

103 1629 296 1712 ciperentur,
313 1624 466 1689 suadente
482 1624 618 1707 Pelasgo
634 1623 830 1708 Argivorum
844 1623 978 1709 populus
994 1623 1193 1690 decreverit:

104 1735 157 1800 cui
180 1733 314 1799 orationi
336 1753 407 1795 cum
429 1732 529 1796 multa
550 1731 649 1795 insint
671 1726 822 1813 notanda,
855 1732 998 1815 integros
1020 1731 1194 1796 rescribam

103 1863 215 1907 versus
237 1839 367 1922 (Aesch.
391 1839 502 1926 Suppl.
524 1840 586 1904 605
601 1839 687 1924 sqq.)

304 1947 417 2030 ἔδοξεν
440 1938 630 2034 Ἀργείοισιν
651 1937 692 2014 οό
710 1941 928 2033 διχορρόπως,

304 2045 375 2123 ἄλλ’
397 2047 474 2122 ὥστ’
496 2046 656 2142 όνηβῆσαί
676 2079 715 2140 με
737 2059 856 2145 γηραιᾷ
876 2055 989 2141 ,φρενί

303 2165 470 2254 πανδημίᾳ
490 2156 552 2250 γὰρ
572 2165 664 2252 χερσὶ
685 2157 897 2248 δεξιωνύμοις

305 2269 436 2358 ἔφριξεν
455 2264 558 2358 αἰθὴρ
579 2265 677 2338 τόνδε
698 2266 907 2358 κραινόντων
927 2267 1044 2358 λόγον·

302 2371 400 2467 ἡμᾶς
407 2393 575 2467 μετοικεῖν
595 2381 694 2466 τῆσδε
714 2383 773 2466 γῆς
794 2379 995 2468 ἐλευθέρους

302 2479 563 2576 κάρρυσιάστους
584 2482 644 2568 §riv
663 2489 693 2554 ’τ’
715 2478 832 2579 δουλίᾳ
852 2493 1002 2575 βροτῶν·
1132 2489 1194 2556 610

302 2599 358 2663 καὶ
377 2591 451 2684 μήτ’
473 2583 615 2663 ἐνοίκων
635 2589 708 2682 μήτ”
731 2591 905 2684 ἐπηλύδων
925 2591 1000 2664 τινὰ

302 2696 411 2791 ἄγειν·
434 2699 494 2772 ἐὰν
514 2705 550 2772 δὲ
570 2709 740 2792 προστιθῇ
760 2697 800 2772 τὸ
822 2699 996 2792 καρτερόν,

302 2807 427 2899 τὸνμὴ
447 2807 664 2901 βοηθήσαντα
686 2813 791 2880 τῶνδε
812 2807 970 2900 γαμόρων

302 2913 421 3007 ἄτιμον
442 2917 526 2988 εἶναι
546 2914 606 3002 ξὺν
627 2925 715 3007 φυγῇ
735 2915 919 3010 δημηλάτῳ.
962 2935 965 2940 ’

300 3023 426 3096 τοιόνδ’
449 3027 565 3096 ἔπειθε
586 3027 680 3116 ῥῆσιν
701 3019 781 3114 ἄμφ’
802 3020 897 3117 ἡμῶν
918 3031 1025 3117 λέγων
1130 3034 1192 3098 oto

302 3130 384 3220 ἄναξ
402 3141 593 3224 Πελασγῶν,
615 3132 721 3226 Ζηνός
743 3137 869 3206 ίκεσίου
889 3134 994 3207 κότον

301 3247 404 3332 μέγαν
423 3250 618 3334 προφωνῶν
638 3241 761 3333 μήποτ’
783 3241 913 3314 εἰσόπιν
932 3242 1059 3335 χρόνου

302 3348 404 3420 πόλιν
423 3360 579 3438 παχῦναι,
601 3348 733 3436 ξενικὸν
754 3345 892 3422 όστικόν
912 3356 948 3422 θ’
970 3347 1036 3441 ἅμα

302 3462 408 3546 λέγων
429 3463 571 3528 διπλοῦν
591 3464 715 3548 μίασμα
736 3456 822 3550 πρὸς
842 3457 975 3541 πόλεως
995 3462 1101 3546 φανὲν

302 3557 473 3655 α’μηχόνου
493 3563 643 3656 βόσκημα
663 3575 812 3658 πημονῆς
832 3571 955 3637 πέλειν.
1130 3571 1192 3635 620

301 3677 428 3742 τοιαῦτ’
449 3667 584 3743 ἄκοόων
603 3679 716 3764 χερσίν
747 3667 878 3764 >ίργεῑος
899 3671 982 3756 λεῶς

301 3781 410 3870 ἔκραν’
432 3775 513 3851 ἄνευ
534 3789 698 3872 κλητῆρος
720 3776 765 3863 ῶς
787 3781 870 3851 εἶναι
891 3779 980 3852 τόδε.

301 3886 504 3978 δημηγόρους
526 3893 554 3960 δ
576 3885 719 3980 ἤκουσεν
742 3883 893 3970 εόπιδεϊς
914 3887 1061 3980 στροφὰς

301 4001 401 4086 δῆμος
422 4003 619 4087 Πελασγῶν.
644 3996 727 4079 Ζεὺς
748 3993 971 4086 δ’ἐπικρόναι
991 4001 1096 4078 τέλος.

104 4105 258 4172 Videmus
289 4109 388 4193 igitur
420 4129 530 4174 omnes
564 4110 760 4194 Argivorum
791 4131 842 4174 res
874 4109 982 4174 civiles
1014 4111 1047 4173 in
1079 4109 1190 4174 iisdem

103 4217 225 4280 versari
246 4216 357 4282 formis
379 4238 461 4302 quae
483 4217 731 4283 Atheniensium
760 4219 806 4282 rei
834 4216 979 4302 publicae
1007 4227 1098 4282 erant
1118 4239 1188 4303 pro·

105 4323 203 4408 priae.
246 4323 361 4409 Neque
393 4325 476 4388 enim
506 4347 604 4410 penes
632 4347 741 4410 regem
770 4345 1000 4411 procerumque
1035 4336 1189 4409 senatum,
