3126 5176
837 428 877 492 82

757 515 954 524 n———————·

308 627 484 694 sedetiam
511 627 545 691 in
573 649 671 712 pace,
702 629 872 712 praecipue
888 625 976 692 ‘ludis
1000 625 1246 692 Panathenaicis
1268 627 1410 694 Theseis

308 735 507 817 funebribus,
529 737 654 820 pompis
675 736 837 820 variisque
866 733 1092 799 certaminibus
1121 734 1161 799 de
1189 737 1304 799 summi
1335 757 1411 800 cor-

308 845 396 928 poris
427 845 545 908 virtute
578 832 763 932 (εὖανδρίᾳ)
796 863 1020 928 armorumque
1053 825 1198 907 bonitate
1230 832 1410 931 (εὖοπλίᾳ)

309 950 469 1036 equitibus
512 959 597 1016 esset
640 949 836 1014 certandum.
900 948 973 1026 Quo
1009 969 1163 1033 equorum
1196 951 1412 1035 equitumque

309 1058 479 1142 splendore
502 1081 574 1122 cum
595 1059 734 1122 maxime
755 1057 933 1142 gauderent
954 1056 1187 1140 Athenienses,
1217 1079 1258 1122 ne
1279 1057 1411 1142 Sopho-

309 1165 374 1230 cles
396 1164 526 1251 quidem
548 1167 615 1230 eius
636 1167 683 1230 rei
712 1167 836 1229 ratione
864 1164 975 1229 habita
1004 1165 1120 1228 civium
1148 1166 1271 1228 animos
1301 1165 1410 1230 delec-

308 1273 399 1337 tandi
421 1274 637 1358 praetermisit
660 1274 870 1344 occasionem.
915 1271 1000 1336 Nam
1023 1273 1055 1335 in
1077 1271 1241 1356 praeclaro
1263 1271 1315 1336 illo
1338 1293 1408 1356 quo

308 1388 414 1445 terrae
436 1382 566 1445 Atticae
588 1380 789 1445 celebrantur
804 1390 993 1444 ornamenta
1007 1381 1157 1464 carmine,
1179 1389 1412 1464 praeterquam

308 1486 395 1572 quod
425 1488 528 1571 primo
563 1497 649 1551 terra
677 1487 818 1572 epitheto
849 1497 981 1552 ornatur
1011 1477 1202 1563 εὔιππσς
1234 1486 1308 1567 (ΟΟ
1330 1487 1410 1569 668,

308 1593 394 1678 quod
415 1594 456 1659 ad
477 1597 579 1660 solum
600 1616 720 1680 pagum
732 1596 899 1678 Colonum,
922 1596 971 1659 cui
993 1616 1173 1680 cognomen
1195 1603 1264 1660 erat
1274 1593 1410 1681 ἵππιος,

307 1703 363 1765 vix
384 1712 462 1786 puto
485 1723 556 1768 esse
576 1703 794 1786 referendum)
816 1717 847 1768 v;
870 1704 932 1766 710
952 1724 1022 1787 sqq.

505 1803 634 1894 χθονὸς
654 1800 782 1896 αὔχημα
803 1809 968 1894 μέγιστον,

508 1908 708 1997 εὔιππον,
730 1908 940 2001 εὔπωλον,
961 1906 1181 1984 εὗθάλασσσσ.

509 2008 538 2088 ὦ
558 2037 623 2088 παῖ
640 2017 786 2109 Κρόνου,
808 2017 849 2090 σὺ
868 2017 930 2109 γάρ
953 2047 1006 2090 νιν
1024 2023 1058 2101 ἐς

507 2124 578 2195 τόδ’
600 2126 689 2208 εἶσας
712 2123 840 2218 αὔχημ’,
860 2123 943 2212 ἄναξ
963 2126 1140 2211 Ποσειδὰν,

506 2234 660 2304 ἵπποισιν
680 2233 743 2304 τὸν
764 2229 930 2324 ἄκεστῆρα
943 2233 1089 2323 ’χαλινὸν

505 2338 672 2429 πρώταισι
692 2347 804 2414 ταῖσδε
826 2348 941 2423 κτίσας
963 2336 1091 2430 ἀγυιαῖς

307 2449 354 2512 rei
376 2453 533 2534 equestris
555 2453 827 2537 magnificentiam
848 2455 979 2519 summis
1001 2453 1148 2518 laudibus
1165 2455 1298 2520 extollit.
1343 2455 1406 2520 At-

307 2577 369 2641 que
391 2557 637 2625 Atheniensium
659 2563 836 2646 equitatum
858 2563 1026 2626 velocitate
1042 2563 1128 2626 omni
1142 2561 1235 2628 laude
1249 2563 1408 2628 maiorem

306 2686 376 2729 esse
399 2666 469 2750 ipse
489 2665 633 2732 Theseus
655 2670 768 2734 merito
790 2670 892 2734 elatus
918 2669 1044 2734 videtur
1074 2669 1233 2754 profiteri,
1263 2691 1336 2734 oum
1364 2669 1408 2735 dc

305 2772 343 2834 iis
365 2774 419 2857 qui
442 2774 590 2840 Creontis
613 2778 745 2841 comites
766 2778 992 2861 insequantur,
1022 2779 1055 2840 in
1083 2777 1168 2841 hunc
1197 2777 1326 2842 modum
1358 2778 1405 2844 lo-

306 2888 423 2962 quatur
445 2881 541 2963 (1023
562 2884 624 2967 sq.)

455 2977 552 3053 ἄλλοι
572 2981 634 3072 γὰρ
657 2986 689 3054 οἱ
711 2982 923 3075 σπεύδοντες,
947 2979 1005 3068 οἷς
1027 2982 1068 3057 ori
1088 2987 1134 3078 μή
1155 3016 1241 3058 ποτε

454 3087 565 3178 χώρας
586 3089 750 3180 φυγόντες
770 3099 862 3182 τῆσδ’
883 3093 1089 3180 exstruerat
1110 3105 1215 3180 θεοῖς,

306 3198 495 3283 quibuscum
515 3201 555 3264 cf.
579 3201 667 3266 chori
691 3204 770 3270 haec
790 3206 890 3270 verba
911 3207 1010 3289 (1065
1031 3209 1116 3293 sqq.)

504 3297 686 3375 ἁλώσεται·
710 3305 819 3388 δεινὸς
840 3303 858 3377 ὁ
880 3307 1090 3400 προσχώρων
1102 3305 1202 3400 Ἄρης,

506 3410 597 3482 δεινὰ
618 3417 654 3482 ds
678 3419 841 3504 θησειδᾶν
861 3409 960 3504 α’κμά.

404 3524 470 3598 πᾶς
489 3516 553 3644 ypip
574 3513 757 3609 ἀστράπτει
777 3519 921 3610 χαλινὸς,
942 3531 1033 3594 πᾶσα
1055 3528 1083 3594 δ’
1104 3518 1246 3624 ὃρμᾶτατ
1266 3523 1353 3595 κατὰ

504 3625 703 3717 αμπυκτὴρί
724 3660 813 3689 m-

503 3727 652 3822 ἄμβασις,
674 3737 708 3804 οἳ
727 3733 792 3805 τάν
811 3738 932 3807 ἱππίαν

502 3850 642 3931 τιμῶσιν
665 3835 811 3915 Ἀθάναν
832 3860 891 3915 cet.

305 3948 397 4028 Quae
418 3953 525 4017 omnia
546 3975 739 4041 quamquam
761 3979 818 4022 suo
849 3958 919 4022 loco
948 3955 990 4023 ab
1020 3959 1091 4043 ipsa
1117 3956 1245 4024 fabulae
1275 3961 1401 4026 ratione

304 4057 434 4122 minime
464 4060 635 4144 recedunt,
678 4085 698 4126 a
732 4066 967 4146 spectatoribus
1004 4065 1097 4130 facile
1133 4067 1402 4151 intellegebantur

304 4165 437 4248 perinde
468 4188 507 4230 ac
543 4169 570 4232 si
601 4169 635 4232 in
666 4169 809 4256 ipsorum
840 4174 956 4238 aetatis
989 4173 1134 4240 favorem
1165 4185 1272 4242 essent
1304 4175 1411 4240 dicta:

305 4271 477 4338 Praeterea
498 4275 531 4340 in
554 4276 759 4344 celeberrima
788 4280 842 4345 illa
870 4281 1052 4366 paedagogi
1083 4281 1238 4347 decursu
1260 4284 1401 4367 equestri
