3126 5176
595 545 791 557 *Ἦ-

228 650 325 719 Unde
346 651 509 738 profectus
531 653 627 718 trium
649 652 774 718 illorum
789 653 1000 739 proprietates
1019 654 1128 740 paucis
1144 675 1236 720 cona·

147 759 204 826 bor
226 759 426 824 adumbrare.

181 893 185 904 ·
228 868 337 953 Atque
352 867 547 953 Aeschylum
563 869 591 932 si
604 869 790 952 respicimus
808 889 941 953 puerum
957 878 989 933 et
1002 868 1239 934 adulescentem

145 975 264 1040 vidisse
286 976 424 1060 patriam
445 975 611 1039 discordiis
634 977 791 1040 intestinis
813 977 1004 1060 laceratam,
1034 976 1239 1042 corroborata

144 1093 250 1148 aetate
268 1084 372 1168 ipsum
388 1085 420 1148 in
430 1082 547 1170 mediis
564 1082 638 1148 belli
654 1077 895 1168 tempestatibus
919 1106 988 1148 csse
1002 1094 1174 1169 versatum,
1197 1108 1257 1152 ex1

145 1191 193 1256 bis
209 1181 407 1278 temporibus
423 1191 589 1276 ingenium
611 1193 750 1258 evasisse
765 1191 926 1256 robustius
941 1214 1037 1278 quam
1059 1189 1237 1276 elegantius

144 1320 239 1364 nemo
261 1301 374 1384 opinor
395 1300 571 1365 mirabitur.
614 1301 724 1386 Atque
745 1321 816 1364 cum
839 1322 904 1365 non
925 1309 1050 1366 tantum
1071 1289 1104 1365 in
1126 1302 1238 1366 militia

143 1408 196 1473 ille
210 1401 514 1494 Μαραθωνομάχης
535 1429 593 1492 pro
608 1409 714 1494 patria
729 1417 825 1493 caput
840 1429 931 1474 suum
948 1411 1079 1472 summis
1096 1407 1237 1474 obiceret

143 1515 304 1600 periculis,
325 1515 383 1580 sed
405 1516 502 1580 etiam
517 1516 550 1580 in
567 1537 655 1598 pace,
677 1525 713 1580 ut
735 1525 804 1580 erat
819 1515 914 1580 homo
929 1537 1005 1580 vere
1019 1515 1237 1599 Atheniensis,

142 1645 248 1686 rerum
269 1624 410 1688 civilium
430 1643 557 1708 semper
578 1633 662 1688 esset
686 1625 865 1710 particeps,
893 1625 939 1688 ita
960 1633 1064 1688 totum
1092 1646 1128 1689 se
1149 1623 1237 1688 dedit

141 1731 188 1794 rei
210 1710 355 1815 publicae
376 1730 554 1816 gerendae,
589 1740 625 1794 ut
653 1731 750 1796 etiam
773 1730 1012 1814 tragoediarum
1034 1731 1162 1816 saepius
1184 1731 1237 1796 vel

142 1859 272 1922 prorsus
294 1861 335 1903 ex
356 1861 433 1904 snae
454 1840 569 1904 aetatis
591 1839 687 1902 rebus
709 1838 854 1902 civilibus
869 1848 1030 1924 repeteret
1046 1848 1236 1922 argumenta
1344 1911 1346 1915 ,

143 1946 245 2028 (velut
267 1945 453 2026 Persarum)
476 1947 527 2010 vel
549 1945 704 2010 eiusmodi
725 1967 777 2010 res
799 1956 866 2010 tam
886 1949 1054 2032 perspicue
1075 1946 1234 2032 significa-

140 2063 200 2135 ret,
221 2063 257 2116 ut
279 2053 354 2140 quid
377 2075 490 2118 sensus
515 2052 621 2118 verbis
635 2053 781 2118 subesset
795 2075 889 2118 nemo
904 2055 1111 2118 Atheniensis
1127 2065 1235 2141 posset
1310 2053 1313 2060 ’

38 2152 43 2161 ’
140 2161 287 2226 dubitare
316 2161 419 2244 (velut
442 2163 474 2225 in
496 2160 728 2226 Eumenidibus
755 2171 787 2226 et
808 2163 927 2248 passim
949 2164 982 2226 in
1004 2162 1234 2250 supplicibus).

141 2268 229 2348 Quas
253 2278 360 2333 tamen
383 2267 636 2352 significationes
658 2269 704 2332 ita
725 2269 955 2354 intellegendas
988 2292 1058 2335 esse
1088 2272 1179 2356 quasi
1201 2272 1234 2336 in

141 2386 246 2442 certae
278 2377 442 2442 cuiusdam
480 2377 629 2442 factionis
668 2377 774 2442 studia
813 2386 909 2463 poe'ta
948 2379 1083 2444 voluerit
1119 2380 1233 2464 volgus

139 2485 341 2570 pertrahere,
375 2485 436 2550 hoo
468 2484 531 2550 dici
562 2506 627 2548 non
649 2494 756 2570 potest
775 2486 837 2548 nisi
859 2494 891 2550 et
913 2495 1091 2572 temporum
1113 2488 1231 2552 rationi

62 2611 66 2619 ·
140 2594 253 2679 stipsi
275 2594 337 2658 arti
358 2592 557 2677 Aeschyleae
585 2593 633 2656 vis
655 2591 800 2656 adfertur
822 2615 829 2656 :
859 2593 955 2656 immo
977 2595 1099 2678 patriae
1120 2615 1230 2659 amore

138 2702 239 2766 elatus
262 2700 416 2766 eiusmodi
446 2699 768 2778 considerationibus,
802 2709 838 2764 ut
870 2701 937 2764 veri
970 2700 1058 2784 leges
1091 2710 1123 2766 et
1149 2703 1230 2767 recti

139 2809 261 2875 civibus
283 2807 486 2894 imprimebat
508 2816 540 2871 et
558 2806 600 2872 ad
621 2807 790 2891 pristinam
812 2807 964 2871 virtutem
988 2817 1020 2870 et
1041 2809 1229 2892 religionem

139 2937 192 2980 eos
213 2915 394 2994 revocabat,
418 2916 464 2979 ita
485 2915 582 2978 etiam
603 2915 759 2978 maiorum
780 2913 1002 2998 magnitudine
1022 2925 1098 2980 ante
1120 2916 1229 2980 oculos

137 3024 242 3108 posita
272 3025 305 3087 in
334 3044 369 3086 re
397 3022 526 3109 publica
547 3043 656 3086 eorum
678 3023 844 3108 opiniones
866 3023 1026 3106 corrigere
1048 3021 1198 3088 studebat
1220 3046 1228 3087 :

137 3130 216 3196 haec
237 3131 322 3196 enim
342 3150 420 3194 vera
440 3139 488 3194 est
508 3130 587 3194 artis
603 3128 803 3215 Aeschyleae
824 3139 950 3212 natura,
972 3139 1008 3193 ut
1022 3128 1150 3195 fabulae
1165 3132 1229 3198 sint

137 3239 228 3324 quasi
250 3239 409 3304 orationes
431 3237 473 3302 ad
497 3239 582 3302 cives
603 3237 733 3302 habitae
754 3237 795 3302 ad
823 3258 928 3302 mores
958 3259 1066 3302 eorum
1089 3238 1227 3304 forman·

136 3345 195 3410 dos
216 3355 313 3432 atque
334 3345 598 3429 emendandos¹).
642 3345 737 3424 Quod
768 3345 871 3410 elucet
900 3345 969 3409 fieri
999 3367 1063 3410 non
1085 3349 1228 3432 potuisse

136 3454 197 3518 nisi
218 3465 273 3518 aut
293 3455 440 3540 antiquas
461 3453 585 3520 fabulas
608 3454 649 3518 ad
671 3476 728 3518 sua
758 3453 864 3518 studia
890 3453 1149 3519 transformando
1170 3455 1225 3520 ad-

136 3609 332 3616 ——.

205 3704 226 3773 ¹)
245 3706 284 3758 (ll.
303 3708 347 3758 Ar.
366 3709 431 3762 Rau.
454 3712 519 3761 1008
538 3725 588 3774 sq,
604 3708 652 3760 ubi
669 3708 819 3774 Aeschylus
835 3708 956 3774 Euripidi
974 3709 1098 3760 concedit
1114 3710 1225 3762 admira·

132 3791 232 3844 tionem
249 3794 339 3846 deberi
357 3801 450 3861 pottas

201 3885 203 3888 ’
284 3880 444 3950 δεξιότητος
462 3883 512 3936 καὶ
530 3881 692 3946 νουθεσίας,
711 3874 757 3938 ὅτι
774 3881 903 3949 βελτίους
921 3901 952 3937 τε
969 3887 1116 3950 ποιοῦμεν,

282 3966 347 4032 τοὺς
364 3965 537 4036 ἀνθρώπους
554 3964 586 4022 ἐν
604 3974 668 4032 ταῖς
686 3966 812 4022 πόλεσιν.

134 4049 262 4102 Similiter
279 4068 305 4101 v.
326 4055 390 4104 1056
410 4054 479 4104 idem
498 4053 637 4120 profitetur
655 4069 683 4104 se
701 4053 728 4103 id
745 4051 860 4115 studere,
877 4059 909 4102 ut
921 4059 1049 4118 tanquam
1069 4063 1224 4123 praeceptor

133 4136 206 4186 cives
223 4137 317 4188 doceat
335 4138 370 4193 τὰ
388 4138 507 4207 χρηστά.
544 4139 584 4190 Cf.
604 4139 683 4189 etiam
703 4154 771 4204 quae
790 4138 818 4188 in
831 4137 1002 4189 altercatione
1016 4140 1062 4190 illa
1074 4157 1126 4206 qua
1138 4150 1223 4195 certat
1243 4176 1246 4184 ι

132 4237 193 4272 cum
219 4223 337 4290 Dionyso
365 4226 440 4291 (1021
465 4224 533 4290 sqq.)
562 4225 595 4275 da
622 4225 789 4290 singularum
817 4224 969 4276 fabularum
1002 4225 1030 4274 vi
1061 4241 1093 4276 ac
1121 4227 1222 4280 ratione

131 4308 281 4376 Aeschylus
300 4310 426 4380 disputat.

981 4413 1026 4474 l*
