<?xml version="1.0" encoding="UTF-8"?>
<!DOCTYPE html PUBLIC "-//W3C//DTD XHTML 1.0 Transitional//EN"
    "http://www.w3.org/TR/xhtml1/DTD/xhtml1-transitional.dtd">
<html xmlns="http://www.w3.org/1999/xhtml" xml:lang="en" lang="en">
 <head>
  <title>
</title>
<meta http-equiv="Content-Type" content="text/html;charset=utf-8" />
  <meta name='ocr-system' content='tesseract 3.04.00' />
  <meta name='ocr-capabilities' content='ocr_page ocr_carea ocr_par ocr_line ocrx_word'/>
</head>
<body>
  <div class='ocr_page' id='page_1' title='image "./sophoclesquemad00beckgoog_0071.png"; bbox 0 0 3126 5176; ppageno 0'>
   <div class='ocr_carea' id='block_1_1' title="bbox 859 446 901 512">
    <p class='ocr_par' dir='ltr' id='par_1_1' title="bbox 859 446 901 512">
     <span class='ocr_line' id='line_1_1' title="bbox 859 446 901 512; baseline 0 0"><span class='ocrx_word' id='word_1_1' title='bbox 859 446 901 512; x_wconf 87' lang='grc'><strong>64</strong></span> 
     </span>
    </p>
   </div>
   <div class='ocr_carea' id='block_1_2' title="bbox 777 537 974 544">
    <p class='ocr_par' dir='ltr' id='par_1_2' title="bbox 777 537 974 544">
     <span class='ocr_line' id='line_1_2' title="bbox 777 537 974 544; baseline 0 0"><span class='ocrx_word' id='word_1_2' title='bbox 777 537 974 544; x_wconf 60' lang='lat'><strong>*-</strong></span> 
     </span>
    </p>
   </div>
   <div class='ocr_carea' id='block_1_3' title="bbox 316 632 1460 4285">
    <p class='ocr_par' dir='ltr' id='par_1_3' title="bbox 481 632 1336 732">
     <span class='ocr_line' id='line_1_3' title="bbox 481 632 1336 732; baseline -0.001 -20"><span class='ocrx_word' id='word_1_3' title='bbox 481 636 552 712; x_wconf 78' lang='grc' dir='ltr'><strong>ἄλλ’</strong></span> <span class='ocrx_word' id='word_1_4' title='bbox 573 640 692 732; x_wconf 75' lang='grc' dir='ltr'><em>δνγᾶρ</em></span> <span class='ocrx_word' id='word_1_5' title='bbox 713 632 775 714; x_wconf 74' lang='lat' dir='ltr'><strong>civ</strong></span> <span class='ocrx_word' id='word_1_6' title='bbox 797 644 916 728; x_wconf 73' lang='grc' dir='ltr'><em>ἔξοιδα,</em></span> <span class='ocrx_word' id='word_1_7' title='bbox 938 645 974 728; x_wconf 78' lang='grc' dir='ltr'><strong>σὲ</strong></span> <span class='ocrx_word' id='word_1_8' title='bbox 994 645 1055 731; x_wconf 79' lang='grc' dir='ltr'><strong>μὲν</strong></span> <span class='ocrx_word' id='word_1_9' title='bbox 1077 638 1219 712; x_wconf 77' lang='grc' dir='ltr'><em>ἓκόντ’</em></span> <span class='ocrx_word' id='word_1_10' title='bbox 1240 645 1297 730; x_wconf 80' lang='grc' dir='ltr'><strong>ἐμὲ</strong></span> <span class='ocrx_word' id='word_1_11' title='bbox 1334 649 1336 653; x_wconf 77' lang='grc'><strong>’</strong></span> 
     </span>
    </p>

    <p class='ocr_par' dir='ltr' id='par_1_4' title="bbox 480 747 1229 841">
     <span class='ocr_line' id='line_1_4' title="bbox 480 747 1229 841; baseline -0.001 -21"><span class='ocrx_word' id='word_1_12' title='bbox 480 757 592 841; x_wconf 84' lang='grc' dir='ltr'><em>κείνην</em></span> <span class='ocrx_word' id='word_1_13' title='bbox 613 779 649 822; x_wconf 87' lang='grc' dir='ltr'><strong>τε</strong></span> <span class='ocrx_word' id='word_1_14' title='bbox 671 760 776 822; x_wconf 70' lang='grc' dir='ltr'><em>ταῦτα</em></span> <span class='ocrx_word' id='word_1_15' title='bbox 799 756 1010 839; x_wconf 82' lang='grc' dir='ltr'><em>δυσστομεῑν·</em></span> <span class='ocrx_word' id='word_1_16' title='bbox 1032 747 1098 838; x_wconf 68' lang='lat' dir='ltr'><strong>lyci</strong></span> <span class='ocrx_word' id='word_1_17' title='bbox 1119 754 1156 820; x_wconf 82' lang='grc' dir='ltr'><strong>δέ</strong></span> <span class='ocrx_word' id='word_1_18' title='bbox 1175 775 1229 820; x_wconf 94' lang='grc' dir='ltr'><strong>νιν</strong></span> 
     </span>
    </p>

    <p class='ocr_par' dir='ltr' id='par_1_5' title="bbox 332 854 1460 1274">
     <span class='ocr_line' id='line_1_5' title="bbox 480 854 1460 956; baseline 0 -28"><span class='ocrx_word' id='word_1_19' title='bbox 480 855 598 929; x_wconf 88' lang='grc' dir='ltr'><em>ἄκων</em></span> <span class='ocrx_word' id='word_1_20' title='bbox 620 861 729 950; x_wconf 81' lang='grc' dir='ltr'><em>ἔγημα,</em></span> <span class='ocrx_word' id='word_1_21' title='bbox 754 864 944 949; x_wconf 73' lang='grc' dir='ltr'><em>φθέγγομαί</em></span> <span class='ocrx_word' id='word_1_22' title='bbox 964 865 993 928; x_wconf 85' lang='grc' dir='ltr'><strong>τ’</strong></span> <span class='ocrx_word' id='word_1_23' title='bbox 1015 854 1130 931; x_wconf 83' lang='grc' dir='ltr'><em>ἄκων</em></span> <span class='ocrx_word' id='word_1_24' title='bbox 1151 857 1240 944; x_wconf 84' lang='grc' dir='ltr'><em>τάδε,</em></span> <span class='ocrx_word' id='word_1_25' title='bbox 1458 953 1460 956; x_wconf 80' lang='lat'>.</span> 
     </span>
     <span class='ocr_line' id='line_1_6' title="bbox 332 962 1417 1057; baseline 0.001 -22"><span class='ocrx_word' id='word_1_26' title='bbox 332 973 365 1036; x_wconf 93' lang='lat' dir='ltr'><strong>in</strong></span> <span class='ocrx_word' id='word_1_27' title='bbox 397 971 511 1057; x_wconf 89' lang='lat' dir='ltr'><strong>quibus</strong></span> <span class='ocrx_word' id='word_1_28' title='bbox 542 973 688 1038; x_wconf 85' lang='lat' dir='ltr'><strong>notiones</strong></span> <span class='ocrx_word' id='word_1_29' title='bbox 703 1015 707 1022; x_wconf 92' lang='lat'>-</span> <span class='ocrx_word' id='word_1_30' title='bbox 721 965 808 1038; x_wconf 78' lang='grc' dir='ltr'><em>ἓκᾶιν</em></span> <span class='ocrx_word' id='word_1_31' title='bbox 840 981 872 1036; x_wconf 87' lang='lat' dir='ltr'><strong>et</strong></span> <span class='ocrx_word' id='word_1_32' title='bbox 902 962 995 1037; x_wconf 89' lang='grc' dir='ltr'><em>ἄκων</em></span> <span class='ocrx_word' id='word_1_33' title='bbox 1027 971 1244 1038; x_wconf 77' lang='lat' dir='ltr'><strong>efficacissime</strong></span> <span class='ocrx_word' id='word_1_34' title='bbox 1271 971 1417 1036; x_wconf 89' lang='lat' dir='ltr'><strong>videmus</strong></span> 
     </span>
     <span class='ocr_line' id='line_1_7' title="bbox 332 1074 1421 1166; baseline 0 -23"><span class='ocrx_word' id='word_1_35' title='bbox 332 1081 415 1143; x_wconf 84' lang='lat' dir='ltr'><strong>inter</strong></span> <span class='ocrx_word' id='word_1_36' title='bbox 436 1102 471 1144; x_wconf 93' lang='lat' dir='ltr'><strong>se</strong></span> <span class='ocrx_word' id='word_1_37' title='bbox 501 1081 673 1165; x_wconf 80' lang='lat' dir='ltr'><strong>oppositus.</strong></span> <span class='ocrx_word' id='word_1_38' title='bbox 727 1079 812 1159; x_wconf 79' lang='lat' dir='ltr'><strong>Quid</strong></span> <span class='ocrx_word' id='word_1_39' title='bbox 844 1089 951 1144; x_wconf 83' lang='lat' dir='ltr'><strong>autem</strong></span> <span class='ocrx_word' id='word_1_40' title='bbox 984 1081 1052 1166; x_wconf 87' lang='lat' dir='ltr'><strong>ipse</strong></span> <span class='ocrx_word' id='word_1_41' title='bbox 1084 1090 1212 1144; x_wconf 79' lang='lat' dir='ltr'><strong>censeat</strong></span> <span class='ocrx_word' id='word_1_42' title='bbox 1243 1074 1317 1144; x_wconf 88' lang='lat' dir='ltr'><strong>inde</strong></span> <span class='ocrx_word' id='word_1_43' title='bbox 1349 1101 1421 1144; x_wconf 87' lang='lat' dir='ltr'><strong>esse</strong></span> 
     </span>
     <span class='ocr_line' id='line_1_8' title="bbox 332 1187 1020 1274; baseline 0 -22"><span class='ocrx_word' id='word_1_44' title='bbox 332 1187 593 1270; x_wconf 88' lang='lat' dir='ltr'><strong>concludendum,</strong></span> <span class='ocrx_word' id='word_1_45' title='bbox 615 1189 796 1260; x_wconf 74' lang='lat' dir='ltr'><strong>continetur</strong></span> <span class='ocrx_word' id='word_1_46' title='bbox 817 1209 847 1252; x_wconf 89' lang='lat' dir='ltr'><strong>v.</strong></span> <span class='ocrx_word' id='word_1_47' title='bbox 869 1188 929 1252; x_wconf 78' lang='lat'><strong>988</strong></span> <span class='ocrx_word' id='word_1_48' title='bbox 951 1209 1020 1274; x_wconf 87' lang='lat' dir='ltr'><strong>sqq.</strong></span> 
     </span>
    </p>

    <p class='ocr_par' dir='ltr' id='par_1_6' title="bbox 479 1283 1301 1380">
     <span class='ocr_line' id='line_1_9' title="bbox 479 1283 1301 1380; baseline -0.005 -18"><span class='ocrx_word' id='word_1_49' title='bbox 479 1284 549 1362; x_wconf 72' lang='grc' dir='ltr'><strong>ἄλλ’</strong></span> <span class='ocrx_word' id='word_1_50' title='bbox 572 1283 613 1360; x_wconf 80' lang='grc' dir='ltr'><strong>οὐ</strong></span> <span class='ocrx_word' id='word_1_51' title='bbox 633 1288 695 1380; x_wconf 78' lang='grc' dir='ltr'><strong>γὰρ</strong></span> <span class='ocrx_word' id='word_1_52' title='bbox 718 1286 788 1360; x_wconf 75' lang='grc' dir='ltr'><em>οὔτ’</em></span> <span class='ocrx_word' id='word_1_53' title='bbox 809 1294 846 1361; x_wconf 77' lang='grc' dir='ltr'><strong>ἐν</strong></span> <span class='ocrx_word' id='word_1_54' title='bbox 867 1296 970 1362; x_wconf 82' lang='grc' dir='ltr'><em>τοῖσδ’</em></span> <span class='ocrx_word' id='word_1_55' title='bbox 992 1284 1176 1378; x_wconf 85' lang='grc' dir='ltr'><em>ἄκοόσομαι</em></span> <span class='ocrx_word' id='word_1_56' title='bbox 1198 1287 1301 1372; x_wconf 85' lang='grc' dir='ltr'><em>κακός</em></span> 
     </span>
    </p>

    <p class='ocr_par' dir='ltr' id='par_1_7' title="bbox 478 1390 1218 1488">
     <span class='ocr_line' id='line_1_10' title="bbox 478 1390 1218 1488; baseline -0.003 -20"><span class='ocrx_word' id='word_1_57' title='bbox 478 1396 631 1487; x_wconf 81' lang='grc' dir='ltr'><em>γάμοισιν</em></span> <span class='ocrx_word' id='word_1_58' title='bbox 652 1393 729 1468; x_wconf 73' lang='grc' dir='ltr'><em>οὔθ’</em></span> <span class='ocrx_word' id='word_1_59' title='bbox 752 1390 810 1480; x_wconf 77' lang='grc' dir='ltr'><strong>οᾶς</strong></span> <span class='ocrx_word' id='word_1_60' title='bbox 831 1402 903 1468; x_wconf 73' lang='grc' dir='ltr'><em>αἰὲν</em></span> <span class='ocrx_word' id='word_1_61' title='bbox 924 1402 1080 1488; x_wconf 78' lang='grc' dir='ltr'><em>ἓμφορεῑς</em></span> <span class='ocrx_word' id='word_1_62' title='bbox 1101 1396 1142 1469; x_wconf 84' lang='grc' dir='ltr'><strong>σύ</strong></span> <span class='ocrx_word' id='word_1_63' title='bbox 1160 1424 1218 1486; x_wconf 91' lang='grc' dir='ltr'><strong>μοι</strong></span> 
     </span>
    </p>

    <p class='ocr_par' dir='ltr' id='par_1_8' title="bbox 480 1501 1190 1596">
     <span class='ocr_line' id='line_1_11' title="bbox 480 1501 1190 1596; baseline -0.003 -20"><span class='ocrx_word' id='word_1_64' title='bbox 480 1501 606 1592; x_wconf 88' lang='grc' dir='ltr'><em>φόνους</em></span> <span class='ocrx_word' id='word_1_65' title='bbox 627 1504 805 1596; x_wconf 78' lang='grc' dir='ltr'><strong><em>πατρῴους</em></strong></span> <span class='ocrx_word' id='word_1_66' title='bbox 826 1509 1034 1594; x_wconf 76' lang='grc' dir='ltr'><em>ἐξονειδίζων</em></span> <span class='ocrx_word' id='word_1_67' title='bbox 1054 1514 1190 1595; x_wconf 81' lang='grc' dir='ltr'><em>πικρῶς,</em></span> 
     </span>
    </p>

    <p class='ocr_par' dir='ltr' id='par_1_9' title="bbox 332 1617 1419 1703">
     <span class='ocr_line' id='line_1_12' title="bbox 332 1617 1419 1703; baseline -0.003 -19"><span class='ocrx_word' id='word_1_68' title='bbox 332 1617 482 1684; x_wconf 81' lang='lat' dir='ltr'><strong>Oetemm</strong></span> <span class='ocrx_word' id='word_1_69' title='bbox 504 1617 609 1684; x_wconf 80' lang='lat' dir='ltr'><strong>caedis</strong></span> <span class='ocrx_word' id='word_1_70' title='bbox 632 1617 702 1682; x_wconf 83' lang='lat' dir='ltr'><strong>Laii</strong></span> <span class='ocrx_word' id='word_1_71' title='bbox 733 1620 970 1683; x_wconf 80' lang='lat' dir='ltr'><strong>excusationem</strong></span> <span class='ocrx_word' id='word_1_72' title='bbox 1000 1627 1127 1703; x_wconf 79' lang='lat' dir='ltr'><strong>praeter</strong></span> <span class='ocrx_word' id='word_1_73' title='bbox 1153 1619 1352 1685; x_wconf 77' lang='lat' dir='ltr'><strong>inscientiam</strong></span> <span class='ocrx_word' id='word_1_74' title='bbox 1382 1619 1419 1682; x_wconf 91' lang='lat' dir='ltr'><strong>in</strong></span> 
     </span>
    </p>

    <p class='ocr_par' dir='ltr' id='par_1_10' title="bbox 331 1707 1420 1811">
     <span class='ocr_line' id='line_1_13' title="bbox 331 1707 1420 1811; baseline 0 -21"><span class='ocrx_word' id='word_1_75' title='bbox 331 1747 368 1790; x_wconf 90' lang='lat' dir='ltr'><strong>eo</strong></span> <span class='ocrx_word' id='word_1_76' title='bbox 390 1707 474 1790; x_wconf 85' lang='lat' dir='ltr'><strong>mox¹</strong></span> <span class='ocrx_word' id='word_1_77' title='bbox 488 1723 665 1790; x_wconf 90' lang='lat' dir='ltr'><strong>videbimus</strong></span> <span class='ocrx_word' id='word_1_78' title='bbox 689 1747 755 1792; x_wconf 86' lang='lat' dir='ltr'><strong>esse</strong></span> <span class='ocrx_word' id='word_1_79' title='bbox 778 1725 925 1810; x_wconf 84' lang='lat' dir='ltr'><strong>positam,</strong></span> <span class='ocrx_word' id='word_1_80' title='bbox 948 1725 1033 1811; x_wconf 90' lang='lat' dir='ltr'><strong>quod</strong></span> <span class='ocrx_word' id='word_1_81' title='bbox 1055 1719 1161 1808; x_wconf 83' lang='grc' dir='ltr'><em>φόνος</em></span> <span class='ocrx_word' id='word_1_82' title='bbox 1190 1727 1243 1792; x_wconf 88' lang='lat' dir='ltr'><strong>ille</strong></span> <span class='ocrx_word' id='word_1_83' title='bbox 1270 1726 1331 1790; x_wconf 87' lang='lat' dir='ltr'><strong>fuit</strong></span> <span class='ocrx_word' id='word_1_84' title='bbox 1350 1747 1420 1790; x_wconf 88' lang='lat' dir='ltr'><strong>non</strong></span> 
     </span>
    </p>

    <p class='ocr_par' dir='ltr' id='par_1_11' title="bbox 330 1823 1420 1918">
     <span class='ocr_line' id='line_1_14' title="bbox 330 1823 1420 1918; baseline 0 -20"><span class='ocrx_word' id='word_1_85' title='bbox 330 1833 423 1898; x_wconf 88' lang='lat' dir='ltr'><strong>modo</strong></span> <span class='ocrx_word' id='word_1_86' title='bbox 446 1823 610 1916; x_wconf 87' lang='grc' dir='ltr'><em>ἄκοόοιος,</em></span> <span class='ocrx_word' id='word_1_87' title='bbox 633 1832 689 1900; x_wconf 89' lang='lat' dir='ltr'><strong>sed</strong></span> <span class='ocrx_word' id='word_1_88' title='bbox 712 1833 808 1898; x_wconf 82' lang='lat' dir='ltr'><strong>etiam</strong></span> <span class='ocrx_word' id='word_1_89' title='bbox 830 1833 965 1909; x_wconf 86' lang='grc' dir='ltr'><em>δίκαιος.</em></span> <span class='ocrx_word' id='word_1_90' title='bbox 1008 1832 1093 1898; x_wconf 82' lang='lat' dir='ltr'><strong>Nem</strong></span> <span class='ocrx_word' id='word_1_91' title='bbox 1114 1835 1140 1896; x_wconf 90' lang='lat' dir='ltr'><strong>si</strong></span> <span class='ocrx_word' id='word_1_92' title='bbox 1171 1835 1259 1918; x_wconf 84' lang='lat' dir='ltr'><strong>quis,</strong></span> <span class='ocrx_word' id='word_1_93' title='bbox 1292 1855 1362 1898; x_wconf 90' lang='lat' dir='ltr'><strong>cum</strong></span> <span class='ocrx_word' id='word_1_94' title='bbox 1383 1835 1420 1898; x_wconf 82' lang='lat' dir='ltr'><strong>vi</strong></span> 
     </span>
    </p>

    <p class='ocr_par' dir='ltr' id='par_1_12' title="bbox 330 1939 1421 2026">
     <span class='ocr_line' id='line_1_15' title="bbox 330 1939 1421 2026; baseline 0.002 -22"><span class='ocrx_word' id='word_1_95' title='bbox 330 1941 394 2006; x_wconf 91' lang='lat' dir='ltr'><strong>vim</strong></span> <span class='ocrx_word' id='word_1_96' title='bbox 417 1942 548 2006; x_wconf 82' lang='lat' dir='ltr'><strong>inlatam</strong></span> <span class='ocrx_word' id='word_1_97' title='bbox 570 1939 764 2024; x_wconf 87' lang='lat' dir='ltr'><strong>defenderet,</strong></span> <span class='ocrx_word' id='word_1_98' title='bbox 787 1940 924 2026; x_wconf 80' lang='lat' dir='ltr'><strong>aliquem</strong></span> <span class='ocrx_word' id='word_1_99' title='bbox 947 1940 1115 2020; x_wconf 82' lang='lat' dir='ltr'><strong>occiderat,</strong></span> <span class='ocrx_word' id='word_1_100' title='bbox 1138 1941 1167 2005; x_wconf 89' lang='lat' dir='ltr'><strong>ei</strong></span> <span class='ocrx_word' id='word_1_101' title='bbox 1189 1962 1294 2026; x_wconf 88' lang='lat' dir='ltr'><strong>neque</strong></span> <span class='ocrx_word' id='word_1_102' title='bbox 1314 1962 1421 2026; x_wconf 79' lang='lat' dir='ltr'><strong>poena</strong></span> 
     </span>
    </p>

    <p class='ocr_par' dir='ltr' id='par_1_13' title="bbox 330 2047 1419 2135">
     <span class='ocr_line' id='line_1_16' title="bbox 330 2047 1419 2135; baseline 0 -23"><span class='ocrx_word' id='word_1_103' title='bbox 330 2047 539 2132; x_wconf 81' lang='lat' dir='ltr'><strong>inrogabatur</strong></span> <span class='ocrx_word' id='word_1_104' title='bbox 569 2070 673 2135; x_wconf 88' lang='lat' dir='ltr'><strong>neque</strong></span> <span class='ocrx_word' id='word_1_105' title='bbox 705 2049 886 2132; x_wconf 77' lang='lat' dir='ltr'><strong>expiatione</strong></span> <span class='ocrx_word' id='word_1_106' title='bbox 918 2069 997 2133; x_wconf 91' lang='lat' dir='ltr'><strong>opus</strong></span> <span class='ocrx_word' id='word_1_107' title='bbox 1031 2058 1123 2120; x_wconf 59' lang='lat' dir='ltr'><strong>erat„</strong></span> <span class='ocrx_word' id='word_1_108' title='bbox 1163 2047 1258 2127; x_wconf 85' lang='lat' dir='ltr'><strong>Quod</strong></span> <span class='ocrx_word' id='word_1_109' title='bbox 1289 2047 1419 2114; x_wconf 80' lang='lat' dir='ltr'><strong>disertis</strong></span> 
     </span>
    </p>

    <p class='ocr_par' dir='ltr' id='par_1_14' title="bbox 329 2155 1419 2241">
     <span class='ocr_line' id='line_1_17' title="bbox 329 2155 1419 2241; baseline -0.002 -21"><span class='ocrx_word' id='word_1_110' title='bbox 329 2155 436 2222; x_wconf 86' lang='lat' dir='ltr'><strong>verbis</strong></span> <span class='ocrx_word' id='word_1_111' title='bbox 466 2164 562 2241; x_wconf 81' lang='lat' dir='ltr'><strong>po&#39;eta</strong></span> <span class='ocrx_word' id='word_1_112' title='bbox 584 2155 643 2222; x_wconf 78' lang='lat'><strong>00</strong></span> <span class='ocrx_word' id='word_1_113' title='bbox 665 2156 726 2224; x_wconf 77' lang='lat'><strong>546</strong></span> <span class='ocrx_word' id='word_1_114' title='bbox 747 2177 802 2240; x_wconf 86' lang='lat' dir='ltr'><strong>sq..</strong></span> <span class='ocrx_word' id='word_1_115' title='bbox 818 2155 874 2238; x_wconf 89' lang='lat' dir='ltr'><strong>(cf.</strong></span> <span class='ocrx_word' id='word_1_116' title='bbox 896 2155 971 2238; x_wconf 76' lang='lat'>525)</span> <span class='ocrx_word' id='word_1_117' title='bbox 1002 2156 1161 2241; x_wconf 87' lang='lat' dir='ltr'><strong>Oedipum</strong></span> <span class='ocrx_word' id='word_1_118' title='bbox 1190 2155 1312 2222; x_wconf 81' lang='lat' dir='ltr'><strong>inducit</strong></span> <span class='ocrx_word' id='word_1_119' title='bbox 1343 2177 1419 2241; x_wconf 88' lang='lat' dir='ltr'><strong>pro-</strong></span> 
     </span>
    </p>

    <p class='ocr_par' dir='ltr' id='par_1_15' title="bbox 330 2243 1344 2337">
     <span class='ocr_line' id='line_1_18' title="bbox 330 2243 1344 2337; baseline -0.002 -9"><span class='ocrx_word' id='word_1_120' title='bbox 330 2243 474 2330; x_wconf 81' lang='lat' dir='ltr'><strong>litenlem</strong></span> <span class='ocrx_word' id='word_1_121' title='bbox 920 2329 924 2337; x_wconf 78' lang='grc'><em>,</em></span> <span class='ocrx_word' id='word_1_122' title='bbox 1341 2311 1344 2318; x_wconf 68' lang='lat'>,</span> 
     </span>
    </p>

    <p class='ocr_par' dir='ltr' id='par_1_16' title="bbox 316 2361 1357 2673">
     <span class='ocr_line' id='line_1_19' title="bbox 477 2361 1144 2456; baseline 0 -20"><span class='ocrx_word' id='word_1_123' title='bbox 477 2372 533 2437; x_wconf 88' lang='grc' dir='ltr'><strong>καὶ</strong></span> <span class='ocrx_word' id='word_1_124' title='bbox 553 2364 615 2456; x_wconf 81' lang='grc' dir='ltr'><strong>γὰρ</strong></span> <span class='ocrx_word' id='word_1_125' title='bbox 636 2361 737 2448; x_wconf 79' lang='grc' dir='ltr'><em>ἁλοὺς</em></span> <span class='ocrx_word' id='word_1_126' title='bbox 757 2364 923 2452; x_wconf 79' lang='grc' dir='ltr'><em>ἐφόνευσα</em></span> <span class='ocrx_word' id='word_1_127' title='bbox 943 2372 999 2435; x_wconf 84' lang='grc' dir='ltr'><strong>καί</strong></span> <span class='ocrx_word' id='word_1_128' title='bbox 1021 2361 1144 2437; x_wconf 77' lang='grc' dir='ltr'><em>ὤλεσα·</em></span> 
     </span>
     <span class='ocr_line' id='line_1_20' title="bbox 476 2464 1357 2566; baseline -0.002 -21"><span class='ocrx_word' id='word_1_129' title='bbox 476 2473 594 2566; x_wconf 84' lang='grc' dir='ltr'><em>νόμῳ</em></span> <span class='ocrx_word' id='word_1_130' title='bbox 622 2478 662 2544; x_wconf 79' lang='grc' dir='ltr'><strong>δὲ</strong></span> <span class='ocrx_word' id='word_1_131' title='bbox 689 2472 893 2563; x_wconf 74' lang='grc' dir='ltr'><em>καθαρός,</em></span> <span class='ocrx_word' id='word_1_132' title='bbox 923 2469 1065 2564; x_wconf 79' lang='grc' dir='ltr'><em>ἄϊδρις</em></span> <span class='ocrx_word' id='word_1_133' title='bbox 1094 2477 1127 2556; x_wconf 81' lang='grc' dir='ltr'><strong>ἐς</strong></span> <span class='ocrx_word' id='word_1_134' title='bbox 1147 2473 1218 2544; x_wconf 82' lang='grc' dir='ltr'><em>τόδ’</em></span> <span class='ocrx_word' id='word_1_135' title='bbox 1239 2464 1357 2563; x_wconf 75' lang='grc' dir='ltr'><em>ἦλθον,</em></span> 
     </span>
     <span class='ocr_line' id='line_1_21' title="bbox 316 2570 1330 2673; baseline -0.003 -20"><span class='ocrx_word' id='word_1_136' title='bbox 316 2570 503 2673; x_wconf 80' lang='lat' dir='ltr'><strong>eademque</strong></span> <span class='ocrx_word' id='word_1_137' title='bbox 524 2589 649 2652; x_wconf 82' lang='lat' dir='ltr'><strong>ratione</strong></span> <span class='ocrx_word' id='word_1_138' title='bbox 671 2585 815 2672; x_wconf 90' lang='lat' dir='ltr'><strong>Oedipus</strong></span> <span class='ocrx_word' id='word_1_139' title='bbox 837 2586 944 2652; x_wconf 88' lang='lat' dir='ltr'><strong>studet</strong></span> <span class='ocrx_word' id='word_1_140' title='bbox 965 2609 999 2650; x_wconf 93' lang='lat' dir='ltr'><strong>se</strong></span> <span class='ocrx_word' id='word_1_141' title='bbox 1021 2587 1158 2672; x_wconf 75' lang='lat' dir='ltr'><strong>purgare</strong></span> <span class='ocrx_word' id='word_1_142' title='bbox 1179 2587 1240 2652; x_wconf 77' lang='lat'><strong>270</strong></span> <span class='ocrx_word' id='word_1_143' title='bbox 1261 2608 1330 2672; x_wconf 91' lang='lat' dir='ltr'><strong>sqq.</strong></span> 
     </span>
    </p>

    <p class='ocr_par' dir='ltr' id='par_1_17' title="bbox 327 2687 1420 2995">
     <span class='ocr_line' id='line_1_22' title="bbox 327 2687 1171 2779; baseline -0.004 -18"><span class='ocrx_word' id='word_1_144' title='bbox 327 2693 330 2698; x_wconf 73' lang='grc'><strong>’</strong></span> <span class='ocrx_word' id='word_1_145' title='bbox 624 2695 735 2760; x_wconf 85' lang='grc' dir='ltr'><em>καίτοι</em></span> <span class='ocrx_word' id='word_1_146' title='bbox 756 2698 830 2771; x_wconf 81' lang='grc' dir='ltr'><strong>πῶς</strong></span> <span class='ocrx_word' id='word_1_147' title='bbox 851 2687 918 2779; x_wconf 78' lang='grc' dir='ltr'><strong>ἐγω</strong></span> <span class='ocrx_word' id='word_1_148' title='bbox 938 2687 1040 2770; x_wconf 86' lang='grc' dir='ltr'><em>κακός</em></span> <span class='ocrx_word' id='word_1_149' title='bbox 1062 2688 1171 2776; x_wconf 85' lang='grc' dir='ltr'><em>φύσιν,</em></span> 
     </span>
     <span class='ocr_line' id='line_1_23' title="bbox 427 2792 1420 2887; baseline -0.003 -18"><span class='ocrx_word' id='word_1_150' title='bbox 427 2794 699 2879; x_wconf 70' lang='grc' dir='ltr'><em>όστιςπαθοόν</em></span> <span class='ocrx_word' id='word_1_151' title='bbox 725 2802 800 2887; x_wconf 81' lang='grc' dir='ltr'><strong>μὲν</strong></span> <span class='ocrx_word' id='word_1_152' title='bbox 828 2792 1062 2887; x_wconf 81' lang='grc' dir='ltr'><em>ἄντέδρων,</em></span> <span class='ocrx_word' id='word_1_153' title='bbox 1085 2793 1162 2868; x_wconf 80' lang='grc' dir='ltr'><strong>ὥστ’</strong></span> <span class='ocrx_word' id='word_1_154' title='bbox 1184 2800 1212 2866; x_wconf 85' lang='grc' dir='ltr'><strong>εί</strong></span> <span class='ocrx_word' id='word_1_155' title='bbox 1242 2798 1420 2886; x_wconf 77' lang='grc' dir='ltr'><em>φρονῶν</em></span> 
     </span>
     <span class='ocr_line' id='line_1_24' title="bbox 428 2895 1262 2995; baseline -0.004 -19"><span class='ocrx_word' id='word_1_156' title='bbox 428 2907 604 2995; x_wconf 79' lang='grc' dir='ltr'><em>ἔπρασσον,</em></span> <span class='ocrx_word' id='word_1_157' title='bbox 626 2898 716 2974; x_wconf 75' lang='grc' dir='ltr'><em>οὐδ’</em></span> <span class='ocrx_word' id='word_1_158' title='bbox 744 2899 794 2974; x_wconf 88' lang='grc' dir='ltr'><strong>ἄν</strong></span> <span class='ocrx_word' id='word_1_159' title='bbox 825 2895 881 2975; x_wconf 78' lang='lat' dir='ltr'><strong>odd</strong></span> <span class='ocrx_word' id='word_1_160' title='bbox 887 2911 894 2932; x_wconf 89' lang='lat'><em>&#39;</em></span> <span class='ocrx_word' id='word_1_161' title='bbox 916 2904 1091 2995; x_wconf 75' lang='grc' dir='ltr'><em>ἐγιγνόμην</em></span> <span class='ocrx_word' id='word_1_162' title='bbox 1110 2902 1213 2985; x_wconf 86' lang='grc' dir='ltr'><em>κακός</em></span> <span class='ocrx_word' id='word_1_163' title='bbox 1220 2933 1232 2987; x_wconf 90' lang='grc'><strong><em>;</em></strong></span> <span class='ocrx_word' id='word_1_164' title='bbox 1258 2949 1262 2956; x_wconf 88' lang='lat'><em>-</em></span> 
     </span>
    </p>

    <p class='ocr_par' dir='ltr' id='par_1_18' title="bbox 328 3018 534 3103">
     <span class='ocr_line' id='line_1_25' title="bbox 328 3018 534 3103; baseline 0 -21"><span class='ocrx_word' id='word_1_165' title='bbox 328 3027 361 3082; x_wconf 88' lang='lat' dir='ltr'><strong>et</strong></span> <span class='ocrx_word' id='word_1_166' title='bbox 381 3018 443 3082; x_wconf 81' lang='lat'><strong>992</strong></span> <span class='ocrx_word' id='word_1_167' title='bbox 465 3039 534 3103; x_wconf 92' lang='lat' dir='ltr'><strong>sqq.</strong></span> 
     </span>
    </p>

    <p class='ocr_par' dir='ltr' id='par_1_19' title="bbox 475 3113 1268 3638">
     <span class='ocr_line' id='line_1_26' title="bbox 476 3113 1215 3200; baseline 0.001 -11"><span class='ocrx_word' id='word_1_168' title='bbox 476 3122 507 3189; x_wconf 87' lang='grc' dir='ltr'><strong>εί</strong></span> <span class='ocrx_word' id='word_1_169' title='bbox 526 3123 576 3200; x_wconf 85' lang='grc' dir='ltr'><strong>τίς</strong></span> <span class='ocrx_word' id='word_1_170' title='bbox 595 3142 630 3190; x_wconf 90' lang='grc' dir='ltr'><strong>σε</strong></span> <span class='ocrx_word' id='word_1_171' title='bbox 656 3117 734 3190; x_wconf 83' lang='grc' dir='ltr'><strong>τόν</strong></span> <span class='ocrx_word' id='word_1_172' title='bbox 764 3123 935 3188; x_wconf 91' lang='grc' dir='ltr'><em>δίκαιον</em></span> <span class='ocrx_word' id='word_1_173' title='bbox 965 3113 1071 3188; x_wconf 82' lang='grc' dir='ltr'><em>αότίκ’</em></span> <span class='ocrx_word' id='word_1_174' title='bbox 1093 3116 1215 3190; x_wconf 76' lang='grc' dir='ltr'><em>ἐνθάδε</em></span> 
     </span>
     <span class='ocr_line' id='line_1_27' title="bbox 477 3221 1268 3316; baseline -0.003 -20"><span class='ocrx_word' id='word_1_175' title='bbox 477 3232 603 3296; x_wconf 80' lang='grc' dir='ltr'><em>κτείνοι</em></span> <span class='ocrx_word' id='word_1_176' title='bbox 623 3223 804 3316; x_wconf 84' lang='grc' dir='ltr'><em>παραστὰς,</em></span> <span class='ocrx_word' id='word_1_177' title='bbox 824 3223 953 3313; x_wconf 83' lang='grc' dir='ltr'><em>πότερα</em></span> <span class='ocrx_word' id='word_1_178' title='bbox 974 3225 1155 3296; x_wconf 75' lang='grc' dir='ltr'><em>πανδάνοί</em></span> <span class='ocrx_word' id='word_1_179' title='bbox 1177 3221 1219 3296; x_wconf 88' lang='grc' dir='ltr'><strong>ἄν</strong></span> <span class='ocrx_word' id='word_1_180' title='bbox 1240 3229 1268 3295; x_wconf 87' lang='grc' dir='ltr'><strong>εί</strong></span> 
     </span>
     <span class='ocr_line' id='line_1_28' title="bbox 475 3327 1230 3424; baseline -0.003 -20"><span class='ocrx_word' id='word_1_181' title='bbox 475 3331 585 3424; x_wconf 80' lang='grc' dir='ltr'><em>πατήρ</em></span> <span class='ocrx_word' id='word_1_182' title='bbox 607 3338 635 3404; x_wconf 82' lang='grc' dir='ltr'><strong>σ’</strong></span> <span class='ocrx_word' id='word_1_183' title='bbox 658 3329 676 3404; x_wconf 83' lang='grc' dir='ltr'><em>ὃ</em></span> <span class='ocrx_word' id='word_1_184' title='bbox 697 3339 833 3417; x_wconf 84' lang='grc' dir='ltr'><em>καίνων,</em></span> <span class='ocrx_word' id='word_1_185' title='bbox 854 3327 875 3422; x_wconf 83' lang='grc' dir='ltr'>ἢ</span> <span class='ocrx_word' id='word_1_186' title='bbox 896 3338 992 3403; x_wconf 87' lang='grc' dir='ltr'><em>τίνοι’</em></span> <span class='ocrx_word' id='word_1_187' title='bbox 1013 3329 1055 3402; x_wconf 90' lang='grc' dir='ltr'><strong>ἄν</strong></span> <span class='ocrx_word' id='word_1_188' title='bbox 1077 3327 1230 3416; x_wconf 76' lang='grc' dir='ltr'><strong>εόθίως;Ι</strong></span> 
     </span>
     <span class='ocr_line' id='line_1_29' title="bbox 477 3439 1203 3530; baseline -0.004 -18"><span class='ocrx_word' id='word_1_189' title='bbox 477 3446 567 3512; x_wconf 84' lang='grc' dir='ltr'><em>δοκῶ</em></span> <span class='ocrx_word' id='word_1_190' title='bbox 586 3445 658 3530; x_wconf 79' lang='grc' dir='ltr'><em>μὲν,</em></span> <span class='ocrx_word' id='word_1_191' title='bbox 678 3444 772 3530; x_wconf 79' lang='grc' dir='ltr'><em>εἴπερ</em></span> <span class='ocrx_word' id='word_1_192' title='bbox 793 3449 853 3530; x_wconf 79' lang='grc' dir='ltr'><strong>ζῆν</strong></span> <span class='ocrx_word' id='word_1_193' title='bbox 874 3449 989 3528; x_wconf 79' lang='grc' dir='ltr'><em>φιλεῖς,</em></span> <span class='ocrx_word' id='word_1_194' title='bbox 1010 3439 1073 3510; x_wconf 84' lang='grc' dir='ltr'><strong>τόν</strong></span> <span class='ocrx_word' id='word_1_195' title='bbox 1093 3443 1203 3511; x_wconf 79' lang='grc' dir='ltr'><em>αἴτιον</em></span> 
     </span>
     <span class='ocr_line' id='line_1_30' title="bbox 476 3543 1189 3638; baseline -0.001 -20"><span class='ocrx_word' id='word_1_196' title='bbox 476 3553 572 3621; x_wconf 83' lang='grc' dir='ltr'><em>τίνοι’</em></span> <span class='ocrx_word' id='word_1_197' title='bbox 593 3543 644 3632; x_wconf 88' lang='grc' dir='ltr'><strong>ἄν,</strong></span> <span class='ocrx_word' id='word_1_198' title='bbox 667 3543 746 3620; x_wconf 71' lang='grc' dir='ltr'><em>οὐδὲ</em></span> <span class='ocrx_word' id='word_1_199' title='bbox 767 3543 946 3618; x_wconf 83' lang='grc' dir='ltr'><em>τοόνδικον</em></span> <span class='ocrx_word' id='word_1_200' title='bbox 966 3553 1189 3638; x_wconf 79' lang='grc' dir='ltr'><em>περιβλέποις.</em></span> 
     </span>
    </p>

    <p class='ocr_par' dir='ltr' id='par_1_20' title="bbox 328 3659 1074 3746">
     <span class='ocr_line' id='line_1_31' title="bbox 328 3659 1074 3746; baseline -0.003 -18"><span class='ocrx_word' id='word_1_201' title='bbox 328 3661 481 3730; x_wconf 79' lang='lat' dir='ltr'><strong>Similiter</strong></span> <span class='ocrx_word' id='word_1_202' title='bbox 501 3660 662 3730; x_wconf 83' lang='lat' dir='ltr'><strong>Electram</strong></span> <span class='ocrx_word' id='word_1_203' title='bbox 683 3659 828 3732; x_wconf 84' lang='lat' dir='ltr'><strong>videmus</strong></span> <span class='ocrx_word' id='word_1_204' title='bbox 850 3660 902 3732; x_wconf 74' lang='lat' dir='ltr'><strong>ldl.¹</strong></span> <span class='ocrx_word' id='word_1_205' title='bbox 921 3660 1074 3746; x_wconf 75' lang='lat' dir='ltr'><strong>558sqq.</strong></span> 
     </span>
    </p>

    <p class='ocr_par' dir='ltr' id='par_1_21' title="bbox 475 3759 1177 4068">
     <span class='ocr_line' id='line_1_32' title="bbox 616 3759 1177 3854; baseline 0 -20"><span class='ocrx_word' id='word_1_206' title='bbox 616 3783 618 3789; x_wconf 84' lang='lat'>&#39;</span> <span class='ocrx_word' id='word_1_207' title='bbox 673 3767 802 3854; x_wconf 80' lang='grc' dir='ltr'><em>πατέρα</em></span> <span class='ocrx_word' id='word_1_208' title='bbox 823 3760 887 3852; x_wconf 74' lang='grc' dir='ltr'><strong>φῂς</strong></span> <span class='ocrx_word' id='word_1_209' title='bbox 904 3780 1040 3834; x_wconf 80' lang='grc' dir='ltr'><em>κτεῖναι.</em></span> <span class='ocrx_word' id='word_1_210' title='bbox 1062 3769 1113 3844; x_wconf 86' lang='grc' dir='ltr'><strong>τίς</strong></span> <span class='ocrx_word' id='word_1_211' title='bbox 1134 3759 1177 3834; x_wconf 90' lang='grc' dir='ltr'><strong>ἄν</strong></span> 
     </span>
     <span class='ocr_line' id='line_1_33' title="bbox 475 3866 1165 3962; baseline -0.003 -18"><span class='ocrx_word' id='word_1_212' title='bbox 475 3869 721 3961; x_wconf 78' lang='grc' dir='ltr'><em>τούτου-λόγος</em></span> <span class='ocrx_word' id='word_1_213' title='bbox 741 3876 862 3962; x_wconf 85' lang='grc' dir='ltr'><em>γένοιτ’</em></span> <span class='ocrx_word' id='word_1_214' title='bbox 884 3866 926 3941; x_wconf 89' lang='grc' dir='ltr'><strong>ἄν</strong></span> <span class='ocrx_word' id='word_1_215' title='bbox 947 3875 1084 3960; x_wconf 79' lang='grc' dir='ltr'><em>αἰσχίων</em></span> <span class='ocrx_word' id='word_1_216' title='bbox 1106 3874 1165 3956; x_wconf 73' lang='grc' dir='ltr'><em>ἔτι,</em></span> 
     </span>
     <span class='ocr_line' id='line_1_34' title="bbox 476 3971 1005 4068; baseline 0 -18"><span class='ocrx_word' id='word_1_217' title='bbox 476 3983 534 4050; x_wconf 72' lang='grc' dir='ltr'><strong>εἴτ’</strong></span> <span class='ocrx_word' id='word_1_218' title='bbox 555 3971 617 4052; x_wconf 82' lang='grc' dir='ltr'><strong>οὖν</strong></span> <span class='ocrx_word' id='word_1_219' title='bbox 646 3985 822 4061; x_wconf 76' lang='grc' dir='ltr'><em>δικαίως</em></span> <span class='ocrx_word' id='word_1_220' title='bbox 853 3982 920 4050; x_wconf 84' lang='grc' dir='ltr'><em>είτε</em></span> <span class='ocrx_word' id='word_1_221' title='bbox 940 3978 1005 4068; x_wconf 81' lang='grc' dir='ltr'><strong>μή;</strong></span> 
     </span>
    </p>

    <p class='ocr_par' dir='ltr' id='par_1_22' title="bbox 327 4091 1415 4177">
     <span class='ocr_line' id='line_1_35' title="bbox 327 4091 1415 4177; baseline -0.002 -19"><span class='ocrx_word' id='word_1_222' title='bbox 327 4095 442 4158; x_wconf 85' lang='lat' dir='ltr'><strong>iustam</strong></span> <span class='ocrx_word' id='word_1_223' title='bbox 475 4093 605 4158; x_wconf 80' lang='lat' dir='ltr'><strong>casdem</strong></span> <span class='ocrx_word' id='word_1_224' title='bbox 634 4114 800 4158; x_wconf 85' lang='lat' dir='ltr'><strong>secernere</strong></span> <span class='ocrx_word' id='word_1_225' title='bbox 828 4091 869 4158; x_wconf 82' lang='lat' dir='ltr'><strong>ab</strong></span> <span class='ocrx_word' id='word_1_226' title='bbox 898 4093 1043 4156; x_wconf 79' lang='lat' dir='ltr'><strong>iniusta:</strong></span> <span class='ocrx_word' id='word_1_227' title='bbox 1072 4113 1154 4176; x_wconf 82' lang='lat' dir='ltr'><strong>quus</strong></span> <span class='ocrx_word' id='word_1_228' title='bbox 1184 4091 1341 4177; x_wconf 85' lang='lat' dir='ltr'><strong>expositio</strong></span> <span class='ocrx_word' id='word_1_229' title='bbox 1372 4091 1415 4156; x_wconf 82' lang='lat' dir='ltr'><strong>ad</strong></span> 
     </span>
    </p>

    <p class='ocr_par' dir='ltr' id='par_1_23' title="bbox 327 4200 1413 4285">
     <span class='ocr_line' id='line_1_36' title="bbox 327 4200 1413 4285; baseline -0.003 -20"><span class='ocrx_word' id='word_1_230' title='bbox 327 4200 570 4285; x_wconf 82' lang='lat' dir='ltr'><strong>praecedentem</strong></span> <span class='ocrx_word' id='word_1_231' title='bbox 591 4210 716 4285; x_wconf 82' lang='lat' dir='ltr'><strong>spectet</strong></span> <span class='ocrx_word' id='word_1_232' title='bbox 738 4202 914 4265; x_wconf 82' lang='lat' dir='ltr'><strong>orationem</strong></span> <span class='ocrx_word' id='word_1_233' title='bbox 935 4221 999 4284; x_wconf 84' lang='lat' dir='ltr'><strong>quc</strong></span> <span class='ocrx_word' id='word_1_234' title='bbox 1014 4200 1097 4263; x_wconf 87' lang='lat' dir='ltr'><strong>iusto</strong></span> <span class='ocrx_word' id='word_1_235' title='bbox 1116 4201 1183 4264; x_wconf 88' lang='lat' dir='ltr'><strong>iure</strong></span> <span class='ocrx_word' id='word_1_236' title='bbox 1198 4201 1413 4284; x_wconf 82' lang='lat' dir='ltr'><strong>Agamemno-</strong></span> 
     </span>
    </p>
   </div>
   <div class='ocr_carea' id='block_1_4' title="bbox 327 4306 1412 4392">
    <p class='ocr_par' dir='ltr' id='par_1_24' title="bbox 327 4306 1412 4392">
     <span class='ocr_line' id='line_1_37' title="bbox 327 4306 1412 4392; baseline -0.004 -18"><span class='ocrx_word' id='word_1_237' title='bbox 327 4329 401 4374; x_wconf 89' lang='lat' dir='ltr'><strong>nem</strong></span> <span class='ocrx_word' id='word_1_238' title='bbox 415 4331 449 4374; x_wconf 93' lang='lat' dir='ltr'><strong>se</strong></span> <span class='ocrx_word' id='word_1_239' title='bbox 464 4307 617 4373; x_wconf 87' lang='lat' dir='ltr'><strong>cecidisse</strong></span> <span class='ocrx_word' id='word_1_240' title='bbox 631 4307 888 4392; x_wconf 79' lang='lat' dir='ltr'><strong>Clytaemnestra</strong></span> <span class='ocrx_word' id='word_1_241' title='bbox 910 4317 1025 4371; x_wconf 81' lang='lat' dir='ltr'><strong>conata</strong></span> <span class='ocrx_word' id='word_1_242' title='bbox 1040 4317 1108 4372; x_wconf 83' lang='lat' dir='ltr'><strong>erat</strong></span> <span class='ocrx_word' id='word_1_243' title='bbox 1123 4307 1340 4374; x_wconf 80' lang='lat' dir='ltr'><strong>demonstrare</strong></span> <span class='ocrx_word' id='word_1_244' title='bbox 1354 4306 1412 4392; x_wconf 88' lang='lat' dir='ltr'><strong>(cf.</strong></span> 
     </span>
    </p>
   </div>
   <div class='ocr_carea' id='block_1_5' title="bbox 1561 2560 1564 3198">
    <p class='ocr_par' dir='ltr' id='par_1_25' title="bbox 1561 2560 1564 3198">
     <span class='ocr_line' id='line_1_38' title="bbox 1561 2560 1564 3198; baseline 0 0"><span class='ocrx_word' id='word_1_245' title='bbox 1561 2560 1564 3198; x_wconf 95' lang='lat' dir='ltr'><strong> </strong></span> 
     </span>
    </p>
   </div>
   <div class='ocr_carea' id='block_1_6' title="bbox 0 0 1568 5174">
    <p class='ocr_par' dir='ltr' id='par_1_26' title="bbox 0 0 1568 5174">
     <span class='ocr_line' id='line_1_39' title="bbox 0 0 1568 5174; baseline 0 0"><span class='ocrx_word' id='word_1_246' title='bbox 0 0 1568 5174; x_wconf 95' lang='lat' dir='ltr'><strong> </strong></span> 
     </span>
    </p>
   </div>
  </div>
 </body>
</html>
