3126 5176
351 627 531 713 Aeschylus
545 628 740 719 plerumque
760 651 825 694 non
847 631 925 696 satis
955 629 1073 696 babeat
1101 652 1178 696 suae
1198 633 1315 698 aetatis
1337 654 1443 700 mores
1539 621 1540 698 l

349 736 462 801 leviter
494 738 656 820 tetigisse,
687 737 743 802 sed
775 758 837 822 quo
866 741 1019 804 maiorem
1049 739 1145 804 rebus
1176 741 1286 806 iniciat
1315 743 1382 806 vim
1410 752 1444 808 et
1539 733 1540 806 ζ

350 845 552 928 gravitatem,
574 845 642 910 sive
664 847 822 910 continuis
851 847 1087 912 narrationibus
1116 848 1184 912 sive
1214 850 1351 932 copiosis
1372 871 1442 914 ora·
1539 849 1540 858 ’

351 951 492 1017 tionibus
514 952 614 1016 soleat
643 953 719 1018 talia
747 953 946 1037 significare,
978 954 1149 1040 Euripides
1177 977 1306 1040 prorsus
1323 973 1357 1021 'a
1385 979 1445 1024 sua
1539 999 1540 1042 ,

1539 1085 1540 1128 l

348 1069 455 1126 aetate
476 1059 639 1144 profectus
662 1060 862 1126 heroicorum
883 1072 1061 1148 temporum
1083 1063 1204 1128 nullarn
1225 1063 1310 1129 ferre
1324 1065 1442 1131 habeat

348 1169 514 1250 rationem,
525 1167 717 1251 Sophoclem
728 1168 872 1233 videmus
884 1181 1038 1253 quantum
1052 1181 1159 1256 potest
1170 1171 1317 1236 heroicae
1327 1173 1442 1238 aetatis
1539 1229 1540 1242 ,

348 1296 453 1340 mores
483 1284 552 1340 tota
580 1286 687 1342 mente
716 1287 862 1361 repetere
888 1276 1033 1363 adeoque
1062 1301 1191 1344 servare
1219 1281 1379 1364 integros,
1406 1290 1443 1346 ut
1539 1283 1540 1288 ’

348 1405 414 1448 non
434 1383 529 1448 modo
551 1385 672 1469 passim
696 1384 865 1451 dumtaxat
887 1386 1014 1469 singula
1041 1387 1237 1454 lineamenta
1258 1389 1442 1472 singulasve

347 1491 522 1556 locutiones
544 1514 564 1556 a
585 1514 643 1556 sua
665 1503 771 1560 aetate
792 1504 927 1578 repetat,
950 1494 1006 1558 sed
1028 1495 1289 1562 artificiosissime
1312 1495 1439 1562 studeat
1539 1541 1540 1560 l

347 1622 385 1666 ea
405 1599 559 1684 adaptare
581 1603 812 1666 sententiarum
834 1603 1067 1668 continuationi
1090 1611 1122 1668 et
1143 1604 1280 1670 orationi
1298 1605 1345 1668 ita
1359 1604 1438 1670 inte-

237 1780 239 1784 Α
345 1729 422 1772 xere
445 1718 476 1772 et
497 1708 679 1791 recondere,
703 1719 737 1772 ut
758 1708 879 1794 aliquid
900 1711 1027 1793 insigne
1046 1709 1145 1775 latere
1160 1710 1264 1776 obiter
1278 1711 1435 1794 legentem

346 1816 532 1901 plerumque
565 1816 678 1902 fugiat.
731 1816 842 1900 Ipsum
864 1826 971 1882 autem
999 1839 1165 1884 numerum
1186 1817 1436 1902 Sophocleorum

346 1923 500 1989 eiusmodi
531 1925 671 1990 locorum
702 1946 803 2010 paene
833 1946 1023 1990 evanescere
1060 1947 1136 2010 prae
1172 1927 1297 2010 ingenti
1328 1948 1436 1992 eorum

345 2033 428 2096 mole
449 2054 531 2118 quae
553 2034 691 2098 occurrit
711 2033 950 2118 perlegentibus
978 2033 1153 2119 quamlibet
1181 2034 1323 2100 fabulam
1343 2035 1434 2100 Euri-

334 2131 472 2224 ¹pideam
493 2163 535 2205 ex
555 2143 720 2226 utriusque
742 2142 937 2226 proprietate
959 2141 1052 2206 facile
1073 2151 1216 2228 apparet.

427 2249 536 2334 Atque
560 2249 601 2312 ob
622 2248 654 2312 id
677 2250 781 2334 ipsum
803 2249 888 2334 quod
909 2248 995 2334 apud
1016 2249 1207 2334 Sophoclem
1236 2249 1309 2314 illae
1336 2250 1432 2333 signi-

343 2356 508 2422 ficationes
538 2357 724 2421 minutiores
756 2379 826 2421 esse
856 2356 1005 2422 videntur
1034 2367 1079 2447 et,
1100 2359 1204 2422 minus
1235 2358 1433 2441 conspicuae,

344 2487 460 2551 operae
481 2466 618 2549 pretium
640 2465 717 2529 mihi
738 2467 841 2530 visum
862 2475 911 2530 est
932 2467 965 2531 in
980 2465 1063 2532 hanc
1077 2474 1192 2550 poetae
1206 2466 1432 2551 proprietatem

342 2574 521 2638 accuratius
542 2574 703 2658 inquirere
725 2595 733 2636 :
764 2572 848 2638 unde
875 2573 1073 2659 aliquantum
1095 2573 1217 2638 fructus
1239 2572 1430 2640 redundatu-

341 2703 411 2748 rum
432 2681 472 2746 ad
494 2682 571 2746 artis
587 2680 784 2764 Sophocleae
805 2689 952 2747 naturam
968 2681 1224 2765 cognoscendam
1246 2690 1278 2744 et
1299 2681 1431 2763 integris

341 2788 457 2854 fabulis
479 2799 511 2854 et
532 2789 728 2874 perditorum
749 2788 939 2873 fragmentis
970 2790 1067 2854 etiam
1095 2799 1191 2873 atque
1221 2790 1318 2852 etiam
1344 2788 1430 2852 lecti·

342 2898 417 2962 tatis
439 2905 536 2982 atque
558 2895 719 2980 indagatis
739 2895 818 2959 mihi
840 2897 992 2980 persuasi.
1037 2895 1118 2960 Cum
1141 2905 1247 2960 autem
1269 2896 1430 2979 congestis

341 3003 561 3069 tantummodo
591 3025 672 3088 quae
701 3025 737 3068 eo
768 3003 953 3067 viderentur
974 3012 1118 3087 spectare
1146 3001 1223 3066 locis
1246 3001 1430 3087 Sophocleis

341 3133 392 3176 me
412 3111 490 3176 nihil
512 3113 580 3176 fere
602 3111 820 3196 profecturum
843 3133 912 3176 esse
942 3110 1026 3175 haud
1056 3110 1254 3192 ignorarem,
1278 3110 1364 3176 haud
1385 3111 1429 3174 in-

341 3230 414 3306 epte
434 3221 548 3286 fecisse
579 3220 657 3286 mihi
688 3219 799 3284 videor
832 3219 917 3304 quod
950 3229 982 3283 et
1014 3217 1195 3302 Aeschylea
1224 3219 1370 3303 exempla
1399 3228 1430 3282 et

341 3327 513 3413 Euripidae
539 3328 661 3392 idoneis
691 3327 768 3392 locis
799 3327 891 3391 attuli
920 3347 983 3410 quo
1013 3326 1205 3390 luculentius
1234 3325 1431 3410 Sophocleae

340 3437 417 3500 artie
440 3439 617 3522 proprietas
639 3437 870 3502 inlustraretur.
930 3461 933 3466 ¹

421 3545 472 3610 Ac
492 3567 561 3610 rem
579 3547 625 3609 ita
646 3545 781 3628 institui,
803 3553 839 3608 ut
860 3565 880 3608 a
901 3542 1005 3608 tribus
1027 3544 1088 3609 illis
1111 3564 1193 3628 quae
1207 3540 1345 3606 Athenis
1360 3563 1428 3606 ver-

339 3651 493 3718 sabantur
514 3653 678 3718 hominum
708 3650 879 3735 generibus
912 3652 1074 3737 profectus
1104 3651 1241 3736 primum
1262 3673 1282 3714 a
1303 3651 1428 3732 civium,

339 3760 454 3828 deinde
485 3761 527 3824 ab
559 3759 794 3844 inquilinorum,
828 3769 896 3823 tum
928 3781 947 3823 a
979 3779 1142 3824 servorum
1174 3757 1361 3822 condicione
1391 3777 1428 3822 ae

339 3869 479 3936 moribus
501 3889 582 3954 quae
603 3869 637 3934 in
658 3865 844 3952 Sophocleis
867 3865 983 3932 fabulis
999 3865 1184 3930 viderentur
1197 3887 1267 3933 esse
1281 3865 1426 3950 repetita,

340 3977 489 4064 deinceps
510 3977 710 4060 respicerem.
764 3973 856 4052 Quae
886 3973 1047 4058 tripertita
1074 3973 1228 4038 materiae
1250 3971 1363 4038 divisio
1392 3980 1428 4036 ut

338 4084 570 4168 simplicissima
591 4085 636 4148 ita
663 4083 829 4167 aptissima
857 4081 935 4146 mihi
965 4081 1035 4144 visa
1063 4091 1119 4146 est.
1173 4080 1258 4146 Nam
1287 4089 1425 4168 praeter·

339 4212 434 4276 quam
456 4189 540 4276 quod
569 4189 775 4256 distrahendo
803 4187 958 4253 eiusmodi
987 4191 1153 4254 materiam
1175 4190 1206 4254 in
1227 4189 1333 4272 plures
1355 4208 1425 4272 par-

338 4298 450 4366 ticulas
471 4298 668 4384 aliquantum
690 4297 759 4362 sine
786 4295 883 4360 dubio
910 4295 1046 4362 officitur
1076 4298 1173 4362 totius
1202 4295 1426 4382 disputationis
