3126 5176
894 433 934 498 38

814 523 1011 532 --.--

663 630 789 722 νόμους
809 639 986 722 παραιρῶν
1005 627 1133 717 χθονὸς

665 749 759 810 θεῶν
779 744 809 809 τ’
832 741 972 828 ἔνορκον
992 744 1097 821 δίκαν,

369 855 452 918 hanc
474 855 667 918 sententiam
688 851 773 916 haud
795 852 952 916 immerito
974 850 1121 914 heroicae
1146 851 1260 914 aetatis
1282 849 1381 914 indoli
1402 851 1459 915 ab·

369 959 553 1026 iudicamus.
605 959 766 1039 Quantam
795 969 904 1024 autem
933 961 997 1022 vim
1020 967 1051 1022 et
1079 959 1301 1022 auctoritatem
1322 958 1459 1042 publicis

312 1059 319 1066 ²
368 1067 494 1152 legibus
516 1077 612 1154 poeta
632 1068 789 1150 tribuerit,
812 1067 972 1131 nonnullis
995 1089 1035 1130 ex
1056 1067 1133 1130 locis
1156 1067 1386 1148 cognoscimus,
1416 1089 1458 1130 ex

369 1175 484 1261 quibus
505 1197 645 1241 memoro
667 1177 745 1240 Ant.
767 1175 828 1240 663
850 1197 919 1260 sqq.

569 1273 660 1359 ὅστις
682 1283 710 1348 d
731 1274 878 1368 ὑπερβὰς
899 1273 919 1366 ἢ
941 1276 1065 1367 νόμους
1085 1275 1245 1364 βιάζεται,

567 1382 587 1454 i*
608 1380 844 1458 τούπιτάσσειν
864 1404 935 1468 τοῖς
956 1383 1178 1476 κρατύνουσιν
1197 1402 1278 1472 νοεῖ,

568 1488 630 1565 οίκ
653 1496 718 1564 ἔστ’
739 1498 881 1565 ἐπαίνου
901 1503 1026 1564 τοῦτον
1048 1497 1084 1578 ἐξ
1104 1496 1186 1582 ἐμοῦ
1206 1509 1328 1580 τυχεῖν.

370 1605 463 1686 Quae
484 1628 676 1692 quamquam
703 1629 760 1671 suo
792 1608 862 1672 loco
891 1616 1039 1692 spectant
1067 1605 1109 1670 ad
1139 1604 1286 1670 Creontis
1317 1605 1461 1668 domina-

369 1717 498 1798 tionem,
514 1715 613 1780 nihilo
628 1725 735 1780 tamen
751 1716 856 1779 minus
870 1715 912 1779 ad
927 1713 1104 1800 quamlibet
1116 1713 1353 1798 rempublicam,
1376 1733 1461 1796 quae

371 1821 500 1909 quidem
522 1824 630 1906 legum
652 1823 813 1908 praesidio
835 1825 965 1904 nitatur,
993 1831 1128 1907 possunt
1148 1821 1269 1886 referri.
1320 1819 1373 1884 De
1400 1841 1462 1882 sua

369 1940 476 1996 autem
498 1932 611 2016 patria,
635 1953 706 1995 cum
721 1931 800 1994 haec
814 1929 914 1994 verba
933 1929 1137 2012 conscribent,
1157 1937 1286 2014 poetam
1300 1929 1462 2010 cogitasse

371 2061 443 2104 cum
463 2041 567 2124 ipsum
588 2039 755 2122 probabile
783 2048 832 2102 est
859 2049 926 2102 tum
955 2037 1160 2102 confirmatur
1182 2034 1461 2100 observationibus

370 2146 560 2232 quibusdam
591 2169 669 2232 quas
697 2148 807 2232 paucis
838 2145 1045 2211 adumbrabo.
1097 2145 1182 2210 Nam
1211 2146 1348 2229 primum
1377 2164 1462 2227 quae

369 2255 469 2320 verba
490 2256 551 2320 illis
573 2255 767 2320 antecedunt
788 2254 861 2338 (661
886 2256 949 2339 sq.)

518 2361 555 2428 ἐν
575 2377 647 2439 τοῖς
666 2357 729 2448 γὰρ
751 2361 922 2428 οἰκείοισιν
943 2353 1035 2438 ὅστις
1057 2359 1122 2428 ἔστ’
1144 2351 1226 2447 ἀνὴρ

517 2465 668 2558 χρηστὸς,
691 2484 846 2554 φανεῖται
866 2459 930 2536 κᾶν
951 2464 1049 2537 πόλει
1070 2471 1196 2546 δίκαιος
1217 2460 1275 2548 cir,

369 2579 454 2644 haud
477 2579 573 2644 dubie
594 2580 635 2644 ad
658 2580 902 2644 Atheniensium
916 2602 984 2644 rem
998 2579 1156 2664 publicam
1171 2589 1245 2642 sunt
1258 2575 1460 2642 revocanda:

369 2710 411 2752 an
433 2688 568 2753 heroicis
590 2687 786 2773 temporibus
808 2698 864 2752 aut
884 2687 1018 2752 florente
1048 2686 1218 2772 tyrannide
1245 2687 1332 2750 vitae
1358 2685 1459 2750 homi-

369 2817 445 2860 num
466 2797 611 2881 privatae
633 2797 779 2881 opposita
801 2797 899 2860 fuisse
921 2795 1047 2860 videtur
1069 2795 1196 2879 publica
1224 2796 1256 2858 in
1285 2815 1348 2878 qua
1377 2815 1459 2857 unus

371 2905 506 2990 quisque
527 2913 673 2968 versatus
703 2903 823 2966 bonum
854 2925 892 2966 ac
922 2905 1040 2966 iustum
1071 2924 1105 2966 se
1133 2911 1242 2986 posset
1270 2901 1458 2986 praestare?

370 3011 525 3078 Similiter
546 3011 607 3076 668
629 3032 676 3096 sq.
698 3009 793 3094 fingit
814 3019 910 3094 poeta
931 3031 1188 3095 unumquemque
1216 3011 1250 3072 in
1276 3009 1460 3094 republica

369 3141 465 3205 posse
486 3110 609 3205 ίίρχειν,
642 3121 662 3182 i.
685 3141 712 3182 e.
741 3117 876 3203 publicis
908 3117 1080 3181 honoribus
1109 3117 1218 3201 fungi,
1248 3118 1279 3181 id
1312 3117 1398 3202 quod
1418 3139 1460 3180 nc

370 3230 474 3313 ipsum
496 3226 625 3312 quidem
646 3235 701 3290 aut
723 3225 764 3290 ad
786 3226 947 3290 heroicum
970 3247 1104 3310 regnum
1125 3235 1181 3290 aut
1202 3225 1243 3289 ad
1254 3225 1459 3310 'tyrannidem

371 3337 473 3402 elucet
495 3334 660 3434 quadrare.
712 3333 757 3399 Iis
786 3344 893 3399 autem
923 3356 1006 3420 quae
1036 3334 1273 3420 subsequuntur
1300 3334 1376 3416 (670
1396 3335 1458 3418 sq.)

370 3444 536 3530 pugnandi
551 3444 707 3529 quaedam
720 3444 802 3508 ratio
818 3442 859 3507 ab
878 3443 1012 3508 heroicis
1032 3443 1228 3528 temporibus
1244 3443 1338 3526 plane
1357 3442 1460 3505 alicua

372 3545 512 3638 (Δωρικί
537 3545 680 3636 φάλαγξ)
704 3549 789 3614 haud
808 3551 943 3616 obscure
965 3551 1172 3634 significatur.
1221 3549 1348 3614 Deinde
1374 3548 1459 3634 quod

370 3659 431 3724 672
453 3680 523 3745 sqq.
546 3660 682 3724 orationi
705 3680 786 3744 quae
806 3681 836 3722 v.
859 3659 919 3722 671
942 3659 1069 3724 videtur
1099 3680 1168 3722 esse
1199 3657 1347 3721 conclusa
1373 3655 1458 3721 addi-

370 3779 423 3834 tur
446 3767 615 3852 explicatio
648 3788 712 3852 qua
741 3769 941 3853 πειθαρχίας
971 3767 1142 3831 virtutibus
1170 3766 1324 3830 malorum
1347 3764 1460 3850 quibus

371 3875 496 3941 laboret
517 3864 656 3962 ἀναρχία
679 3877 850 3961 opponitur
871 3875 1085 3956 enumeratio,
1114 3873 1175 3938 hoc
1196 3873 1365 3937 discrimen
1385 3880 1459 3956 poe·

371 3993 438 4049 tam
460 3985 604 4050 consulto
620 3983 741 4047 civibus
757 3985 901 4068 posuisse
915 3992 990 4047 ante
1005 3982 1120 4065 oculos,
1142 4005 1184 4046 ne
1198 4003 1338 4066 unquam
1352 3981 1460 4064 legum

372 4093 575 4157 sanctitatem
595 4091 762 4172 violarent,
794 4113 835 4155 ex
856 4091 917 4156 hac
939 4091 1091 4154 orationis
1120 4089 1266 4154 ubertate
1295 4109 1360 4152 non
1390 4089 1460 4152 sine

373 4202 479 4286 specie
509 4200 744 4286 probabilitatis
777 4199 941 4264 efficitur:
970 4198 1050 4262 haec
1078 4208 1202 4283 tamen,
1236 4206 1459 4283 praeterquam

374 4308 459 4395 quod
481 4310 610 4372 minime
630 4309 737 4391 agitur
758 4306 798 4371 de
819 4329 904 4371 nova
925 4306 1063 4392 quadam
1083 4329 1118 4370 re
1139 4317 1195 4371 aut
1215 4306 1358 4370 inaudita
1379 4323 1460 4389 quae
