3126 5176
671 436 709 502 61

145 637 340 704 sollemniter
362 635 485 702 solebat
506 635 698 715 denuntiari,
730 645 766 700 ut
788 655 858 698 oum
879 635 987 700 omnia
1013 635 1084 699 loca
1104 629 1232 718 publica

144 755 214 810 tum
234 745 337 810 forum
362 754 394 809 et
414 745 534 828 templa
548 743 751 829 frequentare
766 745 890 826 vitaret,
905 765 946 808 ne
961 741 1066 807 caedis
1082 741 1231 826 contagio

144 853 199 918 alii
228 852 431 918 inficerentur
461 845 717 937 (προαγορεύειν
746 850 914 937 εἴργεσθαι
940 855 1011 916 τῶν
1040 850 1230 935 neptunum?

145 961 242 1041 Quod
270 968 385 1046 potitae
416 961 522 1025 animo
554 981 622 1024 esse
659 960 863 1024 obversatum
894 969 1020 1044 praeter
1051 959 1231 1024 universam

145 1069 299 1144 orationis
320 1068 456 1133 formam
479 1069 568 1153 quasi
591 1068 775 1154 sollemnem
798 1067 951 1152 probatur
970 1067 1131 1132 locutione
1150 1089 1231 1152 προ-

144 1181 251 1258 φωνῶ
273 1176 321 1258 (in
343 1199 373 1241 v.
395 1178 472 1260 223)
495 1199 558 1262 qua
579 1177 649 1262 ipsa
669 1170 850 1261 πρόρρησις
870 1176 1055 1240 instituitur.

229 1285 339 1370 Atque
361 1307 431 1348 cum
454 1283 539 1369 apud
555 1283 731 1348 Homerum
752 1284 924 1348 viderimus
946 1303 1101 1368 nusquam
1123 1281 1163 1346 de
1183 1303 1230 1346 re-

144 1391 204 1457 bus
228 1391 416 1476 capitalibus
440 1391 576 1476 publice,
599 1393 618 1455 i.
642 1413 668 1455 e.
690 1413 710 1454 a
730 1412 808 1474 rege
829 1400 861 1456 et
882 1391 1086 1475 principibus,
1114 1389 1231 1455 nedum

110 1545 115 1560 i
145 1512 167 1564 a¹
188 1501 283 1564 certis
304 1499 546 1584 magistratibus
569 1521 639 1563 esse
653 1499 836 1580 iudicatum,
858 1497 993 1562 Athenis
1009 1499 1095 1562 fama
1108 1498 1231 1562 ferebat

144 1608 223 1693 ipsis
253 1607 480 1693 antiquissimis
512 1605 709 1690 temporibus
738 1605 934 1692 praeclarum
963 1604 1039 1669 illud
1068 1605 1232 1692 Areopagi

144 1714 296 1780 iudicium
317 1715 478 1796 extitisse,
511 1715 599 1778 cuius
629 1734 735 1778 rernm
763 1711 944 1796 capitalium
974 1733 1098 1797 semper
1119 1713 1232 1778 fuisset

144 1823 274 1907 propria
308 1821 467 1886 iudicatio.
516 1821 632 1906 Itaque
661 1819 852 1904 Sophoclem
886 1820 971 1906 quod
998 1819 1137 1910 00947
1161 1842 1231 1906 sqq.

146 1929 201 1996 ubi
221 1929 393 1995 Creontem
414 1928 494 1994 haec
515 1929 593 1994 facit
613 1927 738 1994 Theseo
760 1926 1006 2021 exprobrantem
1112 1972 1115 1976 -

293 2040 451 2102 succisor
472 2025 586 2120 αὐτοῖς
612 2026 720 2120 Ἄρεος
741 2026 903 2115 εὔβουλον
923 2029 1033 2128 πάγον

292 2138 358 2230 ἐγὼ
379 2138 499 2230 ξανῄδη
518 2137 663 2235 χθόνιον
684 2135 770 2224 ὄνθ’,
793 2132 830 2222 ὃς
852 2133 914 2212 ουίι
934 2143 973 2234 ἐᾷ

293 2244 439 2319 sotoriod
460 2242 584 2338 ἇλὴτας
604 2253 674 2338 τῇδ’
697 2243 782 2337 ὁμοῦ
803 2253 909 2318 ναίειν
929 2245 1028 2317 πόλει
1294 2340 1296 2344 .

147 2361 356 2446 Areopagum
377 2359 471 2444 lingit
493 2361 555 2424 iam
577 2360 740 2449 aliquanto
762 2369 837 2426 ante
864 2359 981 2424 Thesei
1009 2369 1147 2424 aetatem
1178 2382 1230 2424 ex·

144 2468 257 2550 titisse,
279 2468 491 2554 antiquiorem
501 2467 541 2551 ⁵⁷)
564 2467 681 2532 famam
703 2467 845 2531 Atticam
868 2468 957 2552 sequi
977 2488 1042 2531 non
1057 2468 1102 2532 ita
1116 2468 1230 2532 mirum

145 2584 197 2640 est
219 2599 226 2640 :
248 2595 322 2639 nam
344 2576 468 2660 saepius
491 2575 655 2640 occasione
677 2573 783 2638 oblata
804 2574 919 2660 similia
932 2575 965 2638 in
984 2572 1099 2640 fabulis
1114 2575 1230 2659 tetigit.

144 2683 193 2747 At
214 2682 298 2767 quod
320 2683 380 2748 hoc
400 2685 470 2748 looo
487 2685 677 2767 Areopagus
698 2705 762 2748 non
786 2693 851 2748 tam
867 2681 988 2774 ¹iudicio
1011 2683 1138 2767 capitali
1160 2682 1229 2747 fun·

143 2791 233 2875 gitur
254 2811 350 2876 quam
370 2791 513 2873 regimen
540 2811 663 2854 morum
692 2789 828 2880 videtur
848 2789 1009 2872 obtinere,
1038 2789 1117 2854 haec
1146 2800 1231 2855 certe

144 2919 265 2982 magna
295 2907 343 2962 est
373 2907 551 2988 temporum
580 2899 815 2962 commutatio:
848 2919 921 2988 uam
950 2920 987 2962 aa
1008 2897 1174 2982 dignitate,
1196 2908 1231 2962 ut

143 3015 238 3070 esset.
258 2999 367 3087 φύλαξ
393 3009 462 3070 τῶν
492 2999 606 3096 νόμον
633 3007 689 3072 καὶ
710 3004 893 3082 ἐπίσκοπος
919 3000 1075 3084 πάντων,
1104 3004 1252 3094 ὃοΙοοίαΙ

142 3115 273 3180 demum
301 3114 495 3198 temporibus
524 3114 740 3200 Areopagum
760 3135 830 3178 esse
858 3115 1046 3178 instructum
1077 3115 1147 3201 quis
1183 3123 1231 3180 est

143 3222 202 3308 qui
224 3221 371 3286 nesciat?
996 3231 998 3234 ’

228 3329 337 3414 Atque
358 3350 561 3414 quamquam,
583 3330 610 3393 si
631 3329 816 3414 respicimus
831 3339 959 3395 auctore
975 3330 1124 3414 Ephialte
1145 3328 1232 3394 illam

141 3457 270 3524 morum
302 3436 478 3522 custodiam
510 3440 682 3527 Areopago
710 3459 785 3526 esse
815 3437 1017 3523 ademptam,
1047 3438 1144 3502 locus
1179 3437 1232 3502 ille

142 3543 342 3629 Sophocleus
363 3566 383 3608 a
404 3550 517 3628 poetae
538 3554 715 3630 temporum
737 3553 823 3610 statu
844 3544 970 3610 videtur
991 3544 1171 3630 abhorrere,
1199 3545 1232 3610 in

143 3673 184 3716 eo
219 3662 325 3718 tamen
356 3673 421 3717 non
454 3651 676 3717 offendendum
709 3662 766 3718 est.
809 3652 895 3718 Nam
926 3654 1063 3738 primum
1091 3661 1231 3738 potitam,

144 3781 219 3824 cum
240 3761 308 3826 vult
328 3759 508 3844 significare
529 3760 658 3846 aliquod
672 3763 718 3826 rei
733 3762 879 3847 publicae
893 3763 1081 3845 institutum,
1102 3762 1232 3826 minime

144 3889 276 3934 necesse
303 3879 352 3933 est
382 3869 461 3934 certi
489 3855 652 3934 oiriusdam
680 3871 831 3954 temporis
860 3870 1016 3956 respicere
1037 3878 1156 3934 statum
1177 3869 1232 3955 qui

147 4065 327 4131 controversia
345 4081 439 4118 censeo
457 4081 513 4116 asse
532 4066 725 4136 explicandum,
751 4073 782 4117 ut
799 4065 887 4118 verbis
905 4063 955 4120 τὸν
973 4062 1060 4132 ἄνδρα
1080 4107 1085 4118 .
1106 4107 1112 4118 .
1131 4068 1232 4118 τοῦτον

147 4158 198 4214 cot.
217 4151 272 4217 ipse
291 4151 424 4217 parricida
442 4167 474 4204 ao
491 4169 543 4204 non
561 4155 709 4205 occultator
727 4153 861 4219 parricidii
878 4151 1049 4218 significetur.
1140 4207 1142 4210 ,

215 4235 248 4303 ⁸⁷)
267 4238 449 4289 Recentiorem
467 4238 500 4288 de
513 4238 643 4306 Areopagi
654 4238 821 4290 institutione
834 4239 931 4290 famam
944 4237 1056 4303 primum
1071 4237 1230 4304 Aeschylum

148 4323 175 4374 in
187 4324 378 4376 Eumenidibus
390 4324 486 4375 litteris
499 4326 635 4376 mandasse
648 4325 715 4376 bene
727 4331 816 4388 monet
828 4325 993 4386 Schoemaun
1005 4325 1049 4376 Gr.
1062 4323 1114 4375 Alt
1129 4321 1165 4390 1³,
1173 4328 1232 4376 493.
