3126 5176
887 427 928 492 20

807 517 1004 526 μ-

358 633 501 700 tentiam.
535 630 679 696 Primum
699 630 784 696 euim
799 629 884 714 quod
898 627 1062 694 Electram
1080 625 1339 712 clytemnestras
1361 624 1456 690 edul-

360 751 449 806 terae
470 761 541 804 oum
563 739 625 803 alia
646 737 723 802 facit
745 735 993 822 exprobrantem
1015 743 1083 800 tum
1104 734 1165 800 hoe
1186 733 1251 818 (ΕΙ.
1274 733 1335 800 589
1358 733 1420 819 sq.)

755 838 836 921 τοὺς
857 843 893 910 di
915 835 1068 928 πρόσθεν
1089 831 1233 923 εὐσεβεῖς

510 944 575 1035 κάξ
594 943 742 1034 εὐσεβῶν
761 945 967 1033 βλαστόντας
988 949 1163 1032 inuoluto
1186 947 1280 1033 ἐ’χεις,

362 1065 496 1128 multum
517 1061 594 1127 dicit
616 1063 772 1126 iuteresse
792 1061 877 1124 inter
897 1060 1050 1144 γνησίους
1071 1067 1104 1124 et
1116 1051 1245 1134 νόθους
1260 1077 1360 1123 :uam
1382 1079 1458 1120 cum

361 1173 407 1236 illi
435 1171 580 1256 legitimo
601 1169 855 1254 Agamemnonis
886 1178 918 1232 et
947 1166 1223 1252 Clytaemnestrae
1250 1166 1455 1230 matrimonio

363 1277 413 1364 (ἐξ
434 1267 595 1359 εὐσεβῶν)
619 1275 744 1342 oriundi
767 1286 799 1340 et
820 1277 882 1361 ipsi
902 1275 967 1340 sint
987 1273 1121 1358 legitimi
1151 1261 1325 1356 (εὐσεβεῖς)
1335 1323 1344 1358 ,
1373 1294 1455 1358 quos

363 1386 544 1452 adulterans
567 1407 638 1450 eum
660 1382 818 1468 Aegistho
841 1382 965 1448 editura
985 1383 1027 1445 sit
1047 1389 1168 1466 portus,
1189 1379 1248 1444 hos
1269 1390 1305 1446 ut
1326 1374 1457 1457 νόθους

364 1495 433 1559 fore
456 1494 630 1574 δυσσεβεῖς.
674 1490 802 1556 Deinde
822 1492 858 1574 si,
879 1491 1004 1575 qualem
1032 1487 1148 1554 Teucri
1178 1489 1233 1576 qui
1254 1511 1296 1554 ex
1317 1488 1456 1554 barbara

364 1603 491 1687 captiva
511 1610 606 1665 natus
629 1608 698 1664 erat
712 1599 746 1662 in
760 1598 862 1662 Aiace
877 1596 1097 1660 condicionem
1110 1595 1326 1677 delineaverit,
1349 1606 1452 1660 atten-

363 1711 426 1774 tius
458 1707 710 1790 consideramus,
741 1707 837 1770 etiam
866 1703 940 1768 inde
970 1703 1011 1768 ad
1040 1703 1126 1768 illam
1156 1724 1225 1768 rem
1254 1703 1453 1789 probandam

364 1816 484 1903 aliquid
505 1816 626 1880 fructus
648 1815 775 1879 videtur
795 1811 984 1878 redundare.
1017 1813 1125 1898 Atque
1148 1813 1362 1878 conviciorum
1385 1814 1452 1897 qui·

365 1925 424 1990 bus
445 1924 580 1989 Atridae
601 1925 634 1987 in
655 1922 814 1988 Teucrum
835 1921 1028 1986 invehuntur
1057 1921 1182 1985 ratione
1211 1919 1323 1985 habita
1353 1921 1457 1986 elucet

364 2031 607 2118 nihilprofioi:
630 2029 813 2115 quidquod
841 2050 943 2114 usque
972 2050 1009 2093 eo
1040 2026 1136 2092 fidem
1164 2029 1379 2112 superiaoiunt
1400 2050 1455 2093 au·
1519 2096 1523 2100 ,

366 2139 482 2226 gendo,
504 2148 541 2202 ut
561 2138 752 2223 compluries
779 2157 907 2201 servum
937 2136 989 2200 vel
1020 2133 1099 2200 nihil
1130 2157 1200 2200 esse
1221 2135 1310 2202 illum
1330 2135 1457 2220 fingant

365 2248 422 2333 (of.
445 2248 496 2312 Ai.
522 2246 601 2310 1228
623 2267 693 2330 sqq.
725 2245 814 2309 1235.
839 2245 927 2309 1259.
958 2243 999 2309 of.
1023 2244 1121 2327 1289,
1150 2243 1205 2307 ubi
1234 2245 1303 2329 ipse
1332 2243 1457 2309 Teucer

270 2374 272 2381 ·
366 2375 490 2420 summa
512 2375 584 2418 oum
605 2352 780 2418 acerbitate
800 2353 916 2438 repetit
938 2351 1014 2418 illud
1043 2353 1220 2416 convicium
1241 2351 1327 2438 quod
1351 2373 1455 2438 neque

366 2463 407 2528 ad
428 2461 575 2527 heroicae
596 2483 700 2547 neque
721 2459 762 2525 ad
784 2459 982 2545 Sophocleae
1012 2459 1128 2525 astatis
1158 2461 1321 2544 ingenium
1349 2467 1455 2544 potest

365 2570 502 2654 referri),
531 2568 592 2634 hoe
612 2569 706 2634 facile
726 2568 922 2652 intellegitur
951 2566 1030 2632 nihil
1062 2589 1132 2632 esse
1160 2569 1222 2632 nisi
1252 2569 1380 2652 signum
1408 2569 1454 2631 in-

366 2679 452 2763 genii
474 2680 642 2763 tyrannici,
675 2677 761 2764 quod
792 2685 824 2741 et
854 2678 957 2762 ipsum
988 2684 1084 2761 poeta
1115 2675 1295 2740 describere
1326 2675 1407 2740 solet
1434 2697 1455 2738 a

365 2809 494 2851 suorum
515 2785 694 2872 aequalium
709 2785 748 2850 de
765 2786 909 2870 tyrannis
931 2785 1080 2869 opinione
1095 2784 1217 2848 colores
1231 2784 1453 2866 mutuatus12).

365 2893 511 2979 Tyranni
539 2902 646 2957 autem
678 2913 788 2957 omnes
822 2913 879 2956 suo
916 2892 1048 2957 arbitrio
1089 2891 1248 2958 subiectos
1285 2893 1454 2979 opinantur

365 3003 507 3086 ipsorum
529 3021 600 3065 esse
620 3021 739 3082 servos,
761 3021 825 3064 non
846 3001 943 3064 modo
963 2999 1078 3065 nothos
1100 3001 1151 3083 (ut
1172 3000 1307 3066 Atridae
1328 3009 1454 3084 praeter

435 3275 467 3344 ¹¹)
486 3279 527 3328 De
543 3283 717 3344 tyrannorum
734 3278 804 3344 apud
823 3278 978 3344 Sophoclem
997 3278 1174 3346 descriptione
1192 3278 1313 3332 Goecker
1330 3294 1355 3344 p.
1370 3281 1401 3330 32
1413 3294 1452 3344 sq.

365 3363 452 3414 fusius
469 3363 624 3429 disputavit.
661 3363 743 3414 Cuius
768 3364 997 3416 observationibus
1021 3365 1060 3415 nil
1081 3365 1168 3416 habeo
1191 3365 1261 3431 quod
1283 3364 1380 3417 addam
1403 3364 1453 3416 nisi

366 3449 436 3514 quod
453 3465 477 3516 p.
498 3451 530 3500 20
548 3463 603 3514 sqq.
622 3451 727 3514 poetam
746 3449 836 3500 studet
854 3449 1032 3502 demonstrare
1054 3455 1128 3502 tanta
1145 3451 1277 3517 pravitate
1297 3456 1324 3502 et
1341 3451 1452 3512 erudeli-

365 3542 420 3588 tate
437 3535 592 3588 Atridarum
608 3535 718 3601 ingenia
736 3536 893 3588 instruxisse
912 3553 942 3590 eo
961 3537 1071 3590 consilio
1089 3538 1241 3601 adductum,
1260 3544 1291 3589 ut
1307 3538 1364 3604 ipse
1376 3554 1452 3590 suum

366 3621 493 3674 adversus
510 3621 638 3672 Doricum
655 3637 759 3683 nomeu,
779 3624 795 3672 i.
815 3639 836 3672 e.
855 3623 1077 3675 Lacedaemonios
1095 3625 1185 3676 odium
1203 3626 1337 3690 professus
1355 3626 1453 3678 civium
1530 3677 1533 3684 ,

366 3708 477 3759 auribus
495 3707 668 3771 blandiretur,
687 3707 737 3758 hoc
755 3723 877 3774 perverse
895 3709 1041 3780 iudicatum
1059 3725 1116 3760 esse
1134 3710 1200 3760 mihi
1220 3711 1341 3777 persuasi
1364 3730 1371 3762 :
1394 3727 1453 3764 nam

365 3793 480 3845 maxime
499 3793 647 3845 cavendum
666 3799 713 3858 est,
732 3809 765 3844 ne
783 3810 899 3860 eaquae
917 3796 1129 3862 tragoediaipsa
1142 3797 1362 3863 ingeniorumque
1375 3813 1451 3865 oppo-

365 3879 429 3931 sitio
444 3881 531 3947 poseit
547 3879 705 3947 populorum
724 3885 773 3932 aut
789 3881 926 3932 hominum
938 3882 1031 3932 leudes
1042 3881 1165 3936 convicia
1176 3883 1273 3934 similia
1290 3882 1452 3950 intemperie

366 3965 506 4018 ociosum
522 3966 642 4018 favorem
659 3965 807 4032 composita
823 3982 883 4018 esse
898 3967 1087 4018 existimemus.
1122 3969 1206 4036 Immo
1223 3969 1344 4020 videmus
1356 3969 1453 4035 Sopho-

366 4051 434 4102 clem
451 4051 516 4103 talia
533 4051 624 4118 utique
642 4052 789 4118 dedignari.
826 4053 957 4104 Goeckeri
974 4053 1047 4106 illam
1065 4053 1195 4106 rationem
1211 4055 1364 4122 reprobavit
1376 4055 1452 4106 etism

365 4135 395 4185 R.
413 4135 506 4202 Haupt
525 4137 585 4202 (Die
604 4139 709 4190 tussere
729 4138 830 4190 Politik
850 4139 895 4190 des
906 4139 1053 4205 Euripides,
1070 4141 1160 4208 Progr.
1176 4142 1259 4193 Plocn
1274 4146 1346 4206 18⁷7,
1363 4159 1389 4208 p.
1404 4140 1451 4206 14).

366 4223 440 4272 -In
457 4221 575 4274 locorum
594 4225 692 4290 quibus
712 4239 766 4275 vox
783 4224 920 4292 τύραννος
932 4223 1003 4292 apud
1014 4225 1091 4292 Soph.
1102 4227 1238 4278 iuvenitur
1256 4227 1451 4280 enumeratione

364 4307 510 4373 requiritur
525 4309 558 4359 ir.
577 4313 634 4360 7121.
