3126 5176
670 481 709 545 81

588 573 786 581 ——-—

142 727 338 800 armaturae,
371 737 435 799 qua
463 713 578 778 Boeoti
606 713 833 800 praestabant,
862 715 1037 778 exercitum
1059 713 1234 779 Athenien·

141 828 222 890 sium
228 875 237 908 ,
269 825 303 887 in
336 845 398 908 quo
425 822 499 886 'fere
531 821 609 885 nulli
639 823 734 904 ψιλοὶ
758 831 867 905 erant,
901 821 1079 905 fugientem
1112 841 1235 884 summo

141 933 258 997 damno
279 931 436 996 adfecisse
457 940 490 994 ct
511 951 613 1015 paene
634 929 675 994 ad
690 931 855 994 interitum
868 929 1033 1014 redegisse
1046 931 1235 1014 accepimus.

141 1039 247 1118 Quam
268 1038 309 1103 ob
331 1059 399 1103 rem
421 1048 453 1102 et
475 1037 598 1102 cladem
619 1037 706 1101 illam
735 1037 858 1100 civibus
890 1038 1030 1122 explicat
1056 1045 1154 1122 atque
1183 1057 1236 1100 ex-

140 1157 231 1212 cusat
261 1145 433 1230 Euripides
463 1154 494 1208 et
525 1167 580 1209 eos
608 1154 735 1222 monet,
766 1153 803 1208 ut
828 1144 945 1209 milites
967 1145 1061 1209 aliter
1080 1142 1235 1208 arment.“

140 1255 286 1334 Quarum
308 1253 493 1337 opinionum
515 1262 588 1317 utra
609 1254 651 1316 sit
672 1251 901 1337 praeferenda,
933 1274 998 1315 non
1024 1251 1102 1315 satis
1129 1260 1238 1336 potest

140 1361 326 1426 diiudicari:
349 1362 510 1444 specimen
532 1370 640 1425 tamen
663 1357 742 1424 illud
763 1381 833 1423 esse
854 1358 1097 1423 artificiosarum
1112 1358 1237 1423 illarum

140 1471 323 1534 orationum
353 1469 468 1552 quibus
502 1489 598 1552 saepe
630 1468 739 1532 studet
766 1467 937 1552 Euripides
966 1488 1051 1530 nova
1080 1465 1237 1551 quaedam

140 1575 264 1640 nimbus
286 1574 493 1660 persuadere,
523 1574 556 1639 id
586 1575 672 1660 quod
700 1575 894 1660 Sophoclem
924 1584 1014 1658 patet
1046 1574 1141 1658 plane
1167 1594 1238 1637 esse

140 1683 360 1766 dedignatum,
382 1682 453 1746 luce
475 1682 590 1746 clarius
613 1692 671 1746 est.
715 1761 719 1768 ⁸

143 1769 147 1778 ’
224 1791 333 1874 Atque
353 1800 389 1854 ut
410 1811 506 1874 quam
529 1789 569 1855 de
592 1811 627 1854 re
649 1790 778 1854 militari
799 1791 923 1854 institui
944 1789 1109 1854 absolvam
1130 1787 1236 1873 dispu-

140 1899 307 1978 tationem,
328 1906 439 1979 restat,
470 1907 506 1960 ut
527 1917 645 1982 paucas
667 1918 841 1961 memorem
862 1917 957 1961 voces
980 1897 1071 1981 quasi
1092 1896 1237 1980 proprias

143 2026 225 2090 quae
256 2003 298 2068 ad
329 2003 470 2067 bellandi
499 2005 656 2068 rationem
688 2006 792 2088 magis
828 2005 989 2070 excultam
1026 2024 1122 2088 quam
1155 2023 1238 2088 quae

140 2111 277 2176 heroicis
297 2110 494 2195 temporibus
517 2121 586 2174 erat
607 2111 727 2174 usitata
747 2109 833 2175 haud
848 2109 945 2175 dubie
959 2113 1024 2176 sint
1038 2109 1236 2175 referendae.

141 2219 214 2297 Quo
236 2219 376 2301 pertinet
396 2218 428 2280 in
452 2217 529 2281 Ant.
553 2217 615 2282 670
636 2239 683 2303 sq.
706 2218 824 2282 locutio
846 2217 1153 2303 προστεταγμέ
1160 2239 1237 2293 νος

139 2349 166 2390 π
176 2350 197 2390 α
208 2349 257 2410 pu
267 2319 422 2410 στάτης
444 2324 530 2410 quod
551 2335 723 2412 utrumque
737 2325 928 2390 vocabulum
942 2327 989 2390 rei
1004 2327 1150 2390 militaris
1165 2347 1237 2410 pro-

141 2434 246 2517 prium
278 2442 449 2517 usurpatur
481 2431 521 2496 de
556 2431 758 2496 adstantibus
790 2434 824 2496 in
855 2435 943 2514 acie,
974 2443 1006 2497 et
1038 2434 1071 2496 in
1105 2431 1165 2498 00
1196 2432 1237 2496 94

141 2550 326 2624 σημεῖον
358 2539 413 2622 (cf.
443 2532 642 2625 ξύνθημα
675 2539 734 2604 ΟΟ
764 2539 819 2621 46)
859 2544 1123 2625 παρεγγυᾶν,
1155 2561 1238 2625 quae

141 2648 260 2710 locutio
282 2656 408 2730 spectat
422 2647 464 2710 ad
478 2649 606 2730 signum
620 2646 697 2711 illud
712 2646 798 2732 quod
813 2653 935 2711 tessera
949 2647 1060 2712 datum
1081 2647 1123 2712 ab
1137 2649 1236 2730 impe-

141 2761 252 2817 ratore
273 2775 330 2836 per
346 2763 452 2817 castra
472 2753 553 2817 alius
576 2775 647 2816 cum
669 2753 731 2817 alio
748 2754 1013 2819 communicabat.
1052 2754 1162 2838 Atque
1177 2754 1237 2828 etsi

141 2881 207 2923 vox
227 2853 355 2943 λόχος
376 2861 409 2924 in
431 2859 600 2942 001371,
623 2881 687 2945 qua
708 2860 794 2944 apud
815 2862 920 2946 ipsum
933 2861 1110 2925 Homerum
1132 2861 1168 2946 (v
1180 2860 1236 2944 49)

142 2966 341 3050 significatur
362 2977 487 3031 armata
507 2989 636 3052 manus,
667 2967 728 3032 hoc
757 2969 828 3032 loco
856 2969 950 3033 nobis
979 2968 1156 3034 omittenda
1178 2978 1236 3049 est,

141 3095 254 3139 vocem
275 3084 382 3139 tamen
403 3069 593 3159 λοχαγὸς
614 3078 646 3139 in
669 3074 747 3172 Ant.
774 3076 828 3139 141
860 3079 968 3141 nescio
996 3098 1038 3140 an
1059 3078 1173 3141 merito
1196 3073 1237 3140 ad

141 3182 240 3266 ipsius
262 3190 377 3266 potitae
398 3192 545 3266 tempora
565 3183 724 3247 referatur
734 3182 786 3265 ⁵⁰).

223 3290 333 3374 Atque
353 3312 373 3353 a
394 3289 536 3374 pedestri
557 3291 671 3355 militia
702 3289 743 3355 ad
775 3301 881 3356 cetera
914 3293 1030 3355 civium
1059 3289 1236 3355 Athenien-

141 3397 224 3459 sium
253 3396 356 3461 officia
388 3393 558 3460 facillimus
590 3397 627 3461 fit
666 3399 821 3462 transitus
853 3400 1001 3462 instituta
1031 3397 1071 3462 de
1105 3419 1237 3462 munere

142 3523 294 3587 equorum
315 3503 511 3589 reipublicae
533 3526 629 3568 causa
657 3505 845 3570 alendorum
867 3504 1107 3594 (ἱπποτροφίᾳ)
1130 3503 1235 3590 dispu-

141 3611 271 3675 tatione.
315 3611 376 3676 uui
398 3611 548 3695 liturgiae
570 3611 719 3676 ditissimi
740 3622 866 3678 tanturn
889 3615 974 3678 cives
1000 3611 1235 3697 obligabantur,

140 3719 186 3782 ita
206 3727 330 3802 tamen,
361 3729 397 3783 ut
427 3740 494 3784 non
521 3718 616 3784 modo
647 3741 719 3784 cum
741 3720 798 3784 'ad
812 3713 930 3785 bellum
952 3718 1237 3805 proficiscebantur

208 3997 241 4066 50)
260 3999 397 4052 Notissimi
422 4005 485 4052 sunt
508 4000 596 4066 quarti
620 4001 721 4052 moduli
745 4001 799 4052 loci
822 4002 902 4052 Isocr.
923 4001 1039 4064 15,117.
1066 3999 1133 4050 leae.
1151 4001 1175 4062 9,
1194 4001 1236 4050 lt.

139 4084 237 4146 Quinto
255 4090 360 4152 praeter
384 4083 464 4135 Arist.
482 4085 598 4136 Acheru.
617 4091 692 4136 extat
708 4086 805 4136 Herod.
826 4089 856 4151 9,
875 4091 915 4137 21.
939 4083 1111 4152 Xenophonti
1128 4083 1192 4134 hell.
1213 4089 1235 4148 l,

140 4175 164 4235 2,
182 4175 205 4221 3.
225 4171 369 4222 Comment.
389 4174 412 4235 3,
431 4175 456 4235 4,
476 4177 498 4236 1,
517 4173 564 4238 qni
582 4177 606 4235 4,
625 4175 649 4236 8,
668 4175 683 4224 8
702 4173 767 4224 adeo
786 4174 930 4241 αρμοστὴν
946 4172 1060 4239 largitur
1078 4171 1135 4222 sive
1153 4169 1236 4220 Athe·

139 4257 271 4308 niensium
288 4257 345 4308 sive
364 4256 513 4321 Persarum,
531 4257 559 4309 in
576 4257 678 4310 talibus
695 4273 750 4308 non
772 4257 884 4309 nimium
907 4257 1004 4310 tribuo.
1051 4255 1102 4307 His
1126 4255 1236 4306 accedat

138 4341 277 4394 Pluterchi
295 4339 337 4407 εἰς
354 4341 443 4410 λόχον
459 4342 491 4393 de
510 4358 601 4410 pugna
619 4345 775 4410 Tanagraea
792 4344 850 4394 Per.
866 4348 904 4396 lo.
924 4344 989 4395 Cim.
1010 4347 1041 4393 l'l
1059 4341 1200 4406 loquentis.

1014 4439 1033 4502 6
