3126 5176
676 427 718 492 ‘ih

596 515 793 523 ——-—-——

144 626 267 691 artibus
289 627 473 692 liberalibus
497 627 662 710 studeant,
695 628 817 692 moneri
848 649 886 692 ea
913 626 953 692 de
982 649 1094 710 causa,
1124 649 1165 692 ne
1185 635 1242 692 aut

145 735 273 799 incultis
295 735 482 820 parentibus
503 734 627 800 oriundi
659 757 728 800 esse
758 745 814 800 aut
843 734 976 800 absente
998 737 1033 817 (i.
1055 758 1081 799 e.
1104 736 1241 800 fortasse

145 843 309 934 exsulante)
339 853 431 928 patre
462 831 590 926 neglegi
622 841 799 906 videantur.
855 841 946 921 Quae
977 843 1137 916 sententia
1164 844 1240 927 quid

144 948 206 1012 sibi
235 951 313 1015 velit
341 950 546 1028 manifestum
576 959 653 1014 est:
686 971 761 1014 nam
789 950 960 1016 liberorum
990 952 1075 1016 iusta
1088 1024 1089 1027 ς
1104 950 1240 1015 eruditio

142 1056 229 1141 apud
251 1057 467 1122 Athenienses
489 1057 644 1122 eiusmodi
667 1067 735 1122 erat
756 1080 822 1139 res,
853 1059 886 1122 in
908 1079 971 1143 qua
993 1060 1144 1143 cuiusque
1164 1080 1238 1142 age·

143 1173 232 1229 retur
254 1167 457 1242 existimatio.
502 1166 611 1254 Atque
636 1185 829 1250 quamquam
856 1166 956 1230 verba
986 1167 1040 1231 illa
1061 1165 1240 1250 Sophoclea

143 1270 382 1336 concedendum
410 1281 459 1336 est
488 1271 609 1356 aliquid
638 1293 750 1356 sapere
778 1271 991 1356 sophistarum
1020 1273 1102 1336 illius
1124 1273 1236 1340 Socra-

142 1379 249 1462 tisque
281 1377 446 1443 doctrinae
479 1379 533 1463 qui
565 1380 717 1442 virtutem
749 1388 784 1442 ut
813 1379 978 1444 scientiam
1010 1379 1116 1444 doceri
1145 1399 1239 1464 posse

145 1485 550 1563 contendebantmultum
573 1496 680 1550 tamen
702 1484 850 1568 afuitput
871 1496 937 1550 tam
958 1495 1068 1570 aperte
1089 1486 1239 1558 illehanc

144 1591 323 1656 doctrinam
346 1593 559 1676 proclamaret
581 1614 676 1677 quam
692 1592 862 1677 Euripides
878 1613 972 1678 quem
988 1595 1123 1658 sciamus
1138 1595 1238 1658 multo
1344 1592 1349 1602 '

143 1701 248 1788 magis
270 1701 452 1784 penderes
473 1701 687 1786 sophistarum
709 1699 832 1764 studiis.
876 1700 940 1778 Qui
961 1699 1072 1786 Suppl.
1094 1701 1151 1766 911
1166 1723 1236 1787 sqq.
1336 1690 1339 1698 ’

291 1800 331 1872 τὸ
353 1800 415 1893 γὰρ
437 1813 603 1894 τραφῆναι
623 1801 667 1892 μὴ
686 1812 797 1884 κακῶς
818 1806 902 1874 αίδῶ
922 1808 1035 1892 φέρει·
1263 1813 1265 1816 ’

293 1909 481 1998 αἰσχύνεται
502 1915 538 1981 δὲ
559 1905 680 2000 τάγάθ’
701 1905 844 2000 δοκήσας
866 1905 950 2002 ἆνὴρ

290 2017 394 2100 κακὸς
414 2027 598 2108 κεκλίσθαι
619 2027 688 2102 πᾶς
709 2044 776 2100 τις·
799 2015 819 2110 ἡ
841 2024 869 2089 δ
892 2014 1048 2110 εὐανδρία

292 2123 459 2210 διδακτὸν,
481 2129 576 2215 είπερ
597 2133 653 2197 καὶ
673 2131 798 2217 βρέφος
820 2125 1008 2254 διδάσκεται

290 2237 398 2322 λέγειν
418 2227 553 2303 ακούειν
574 2239 609 2303 θ’
633 2225 682 2304 ὧν
701 2233 849 2325 μάθησιν
870 2229 932 2305 οὐκ
954 2237 1028 2324 ἔχει.

291 2331 405 2408 δδ’”
383 2367 426 2410 αν
445 2338 543 2428 μάθῃ
560 2357 649 2422 παῖς,
671 2369 777 2412 ταντα
799 2341 967 2431 σῴζεσθαι
989 2352 1080 2428 φιλεῖ

289 2445 375 2535 πρὸς
396 2456 512 2538 γῆρας·
536 2444 654 2518 οὕτω
675 2455 834 2530 παῖδας
856 2451 902 2520 εὑ
923 2448 1185 2520 uetustam

143 2579 215 2622 curn
239 2559 361 2623 civibus
383 2561 512 2626 studeat
532 2560 725 2646 persuadere
745 2572 895 2626 accurata
916 2563 1031 2627 mentis
1058 2562 1236 2627 eruditione

139 2667 251 2750 utique
272 2687 350 2751 opus
373 2689 452 2748 esse,
475 2668 602 2732 disertis
624 2667 731 2732 verbis
753 2667 952 2733 demonstrat
974 2659 1151 2754 εὐανδρίαν
1165 2692 1235 2734 esse

139 2767 305 2838 deduxeris.
350 2775 459 2859 Atque
483 2774 566 2839 hanc
586 2776 862 2840 ratiocinationem
884 2775 925 2840 ab
947 2777 1017 2862 ipsa
1038 2776 1147 2842 fabula
1161 2779 1234 2856 alie-

139 2901 215 2944 nam
236 2889 272 2944 ut
293 2881 425 2966 adaptet
446 2883 675 2947 sententiarum
697 2883 942 2966 continuationi,
973 2884 1054 2949 adeo
1085 2906 1148 2948 non
1179 2884 1235 2948 dat
1302 2886 1309 2898 '

140 2987 291 3072 operam
302 2997 338 3052 ut
359 2991 456 3054 etiam
477 2999 621 3054 extrema
639 2990 739 3054 verba
752 3012 882 3076 prorsus
904 2972 1157 3077 adspectatores
1172 2990 1234 3056 dici

137 3094 316 3178 videantur,
338 3097 385 3160 ita
404 3106 441 3160 ut
461 3097 551 3162 vultu
572 3096 614 3160 ad
636 3097 796 3162 theatrum
819 3120 973 3163 converso
995 3108 1051 3164 aut
1065 3109 1121 3184 apt
1122 3121 1140 3162 o
1157 3119 1233 3184 quo-

137 3201 212 3266 dam
233 3212 327 3285 gestu
353 3213 494 3268 actorem
516 3205 581 3268 vim
613 3225 722 3268 eorum
750 3205 878 3271 auxisse
909 3205 994 3270 haud
1023 3205 1233 3322 improbabile

139 3309 190 3374 sit.
233 3309 382 3374 Eundem
403 3309 471 3374 fere
492 3309 571 3374 Hec.
588 3312 650 3376 599
665 3332 734 3396 sqq.

286 3401 328 3501 ἆρ
330 3413 393 3481 ὀί
414 3410 571 3494 τεκόντος
592 3411 857 3504 διαφέρουσιν,Ἀ
838 3443 858 3504 η
879 3422 1023 3506 τροφαί,·

287 3520 352 3606 ἔχει
373 3547 410 3607 γε
430 3524 547 3608 μέντοι
568 3527 624 3590 καί
645 3518 686 3590 τὸ
708 3531 903 3612 θρεφδῆναι
924 3531 1035 3604 καλῶς

287 3630 412 3712 δίδαξιν
434 3630 577 3698 ἐσθλοῦ·
599 3637 703 3698 τοῦτο
725 3634 753 3698 δ
773 3624 815 3719 ἢν
835 3657 885 3710 τις
907 3619 944 3699 εὖ
964 3627 1068 3718 μάθῃ,
1161 3669 1163 3674 ·

192 3803 199 3810 ,
287 3733 377 3802 οίδεν
397 3733 438 3804 τό
460 3739 489 3822 γ’
511 3733 657 3824 αἰσχρὸν,
679 3734 797 3806 κανόνι
817 3745 880 3806 τοῦ
901 3745 1007 3807 καλοῦ
1025 3735 1150 3826 μαθών

137 3841 258 3908 habent
279 3865 408 3910 sensum
431 3869 438 3909 :
471 3866 546 3910 nam
576 3847 659 3910 sicut
688 3847 752 3912 illic
773 3847 814 3912 de
835 3837 991 3937 εὐανδρίᾳ
1012 3857 1166 3932 tanquam
1187 3849 1247 3924 δι-,

137 3948 250 4035 deasq}
271 3951 318 4014 ita
337 3951 399 4015 hoo
421 3952 491 4016 ioco
523 3952 564 4018 do
592 3947 714 4032 διδάξει
743 3952 870 4020 ἐσθλοῦ
897 3964 946 4018 est
967 3976 1080 4019 sermo.
1124 3955 1233 4040 Atque

135 4055 215 4120 haee
237 4057 300 4121 duo
323 4057 473 4123 videntur
494 4059 639 4124 sufficere
661 4061 807 4145 exempla
835 4061 875 4125 ad
897 4061 1060 4146 Euripidis
1090 4063 1230 4147 proprie-

134 4171 233 4226 tatem
255 4163 359 4228 denuo
378 4163 632 4248 significandam.

219 4270 270 4334 Ac
291 4271 318 4332 si
342 4273 521 4336 accuratius
543 4293 708 4336 versamur
729 4274 762 4336 in
782 4263 916 4357 singulis
938 4275 1033 4344 rebus
1048 4277 1230 4344 examinen-
