3126 5176
666 399 709 466 oa

144 601 252 666 verbis
273 610 354 683 utar,
375 622 440 664 non
461 609 525 666 tarn
548 593 590 666 τὰ
610 600 764 682 βέλτιστα
792 619 887 683 qaam
916 589 958 664 τὰ
978 587 1093 681 idiota
1122 595 1228 664 dicere

31 719 33 798 ,'
144 708 334 790 studebant,
372 709 485 792 volgus
517 709 611 774 toties
645 715 838 793 sequeretur.
898 704 989 784 Quae
1019 703 1126 772 studia
1157 725 1228 768 cnm

143 818 283 882 maxime
304 825 409 901 aetate
431 816 504 882 belli
520 815 782 901 Peloponnesiaci
802 811 994 896 floruissent,
1015 812 1071 878 ubi
1091 811 1226 879 debella·

31 907 32 976 ]
142 936 209 990 tum
232 935 290 1008 est,
312 923 366 990 illa
388 939 483 1010 quam
503 923 597 990 modo
620 923 713 1007 tetigi
744 924 816 1007 lege
844 922 983 1018 coercita
1010 931 1099 1004 suut3
1132 938 1227 1006 quam

30 1013 31 1036 l
142 1042 270 1098 constat
290 1054 354 1097 non
376 1042 450 1096 aute
472 1031 612 1098 Euclidis
635 1030 857 1096 archontatum
877 1051 947 1096 ease
970 1030 1077 1100 laum.

30 1217 31 1228 ,
224 1143 335 1226 Atque
363 1140 404 1204 de
430 1139 584 1224 peculiari
613 1138 751 1224 quadam
783 1135 983 1222 εἰσαγγελίας
1011 1139 1117 1224 speeie
1145 1159 1228 1222 quae
1291 1187 1294 1194 .

30 1241 31 1260 ’
141 1247 318 1312 vocabatur
338 1246 520 1332 εἰσαγγελία
541 1240 729 1324 κακώσεως,
750 1245 835 1310 infra
855 1267 957 1330 pauca
978 1244 1144 1310 dicentur:
1166 1244 1227 1310 hoc

141 1365 250 1420 tamen
279 1357 347 1420 loco
377 1376 475 1420 unum
503 1354 638 1420 adiciam
669 1353 754 1440 quod
784 1375 854 1418 cum
893 1352 1076 1442 εἰσαγγελίᾳ
1107 1353 1227 1438 aliqua·¹

30 1525 31 1529 ,
143 1475 235 1530 tenus
258 1463 434 1530 cohaereat.
479 1463 590 1528 (livam
611 1459 694 1528 enim
716 1461 954 1552 Atheniensem,
980 1462 1041 1528 nisi
1063 1483 1133 1526 orm
1157 1467 1228 1546 (per

30 1572 31 1624 l
143 1573 361 1656 εἰσαγγελίαν)
390 1594 462 1636 reus
492 1581 560 1636 erat
591 1565 696 1655 δήμου
723 1563 934 1647 καταλύσεως
964 1571 1016 1636 vel
1036 1570 1227 1654 προδοσίας,

30 1722 37 1739 1-
62 1673 66 1680 ⁴
144 1691 198 1745 aut
229 1701 303 1744 cum
334 1679 519 1764 publicanus
552 1680 718 1764 pecuniam
750 1679 942 1764 reipublicae
971 1677 1113 1744 debitam
1143 1677 1226 1741 insto

30 1803 32 1852 ί
144 1797 288 1873 tempore
308 1809 372 1854 non
395 1787 601 1872 persolverat,
623 1789 656 1852 in
677 1787 782 1853 vincla
802 1789 946 1852 conicere
967 1807 1032 1854 non
1053 1785 1178 1862 licebat,
1200 1786 1227 1850 si

30 1891 31 1894 ’
146 1895 234 1960 modo
268 1905 333 1960 tres
364 1893 462 1960 vades
490 1887 676 1980 (ἐγγυητὰς)
707 1893 813 1960 debat.
865 1893 1091 1968 Vadimonium
1120 1903 1225 1958 antem

148 2025 211 2068 cum
233 2002 370 2067 heroicis
392 2002 588 2088 temporibus
609 2001 749 2066 nondum
779 2003 875 2068 fuerit
905 2003 1101 2084 instinctum,
1132 2021 1227 2098 voces

28 2103 29 2114 ί
145 2110 389 2197 φερέγγυος
410 2110 444 2192 (i.
467 2131 493 2174 e.
517 2109 664 2195 sponsor)
687 2111 719 2174 iu
735 2109 783 2174 El.
797 2110 858 2176 942
873 2119 905 2174 et
926 2109 1128 2194 ἐχέγγυος
1149 2110 1184 2194 (i.
1199 2132 1226 2174 e.

28 2281 29 2310 3
143 2219 201 2282 hcc
222 2207 294 2282 loco
317 2219 487 2302 sponsione
507 2218 639 2282 alicuius
661 2218 775 2301 fretus)
798 2221 830 2282 in
852 2217 911 2284 00
927 2219 995 2294 ,284
1016 2220 1093 2306 quin
1111 2240 1131 2284 a
1151 2241 1228 2284 snae

28 2337 29 2418 i
143 2328 257 2391 aetatis
280 2336 364 2391 statu
386 2335 483 2412 potita
503 2335 665 2392 mutuatus
686 2328 737 2410 sit,
758 2347 852 2392 nemo
874 2327 1042 2392 dubitabit.

224 2435 335 2520 Atque
356 2433 447 2518 plura
467 2433 544 2498 mibi
566 2433 700 2498 dicenda
720 2443 795 2500 sunt
817 2433 857 2498 de
889 2435 1076 2520 capitalibus
1105 2433 1227 2499 iudiciis

144 2563 224 2627 qnae
247 2563 340 2606 nemo
368 2543 497 2625 ignorat
525 2563 545 2606 a
576 2542 689 2607 ceteris
713 2542 893 2627 antiquitus
922 2542 1020 2608 fuisse
1047 2553 1226 2627 segregata.
1256 2593 1259 2598 ,

30 2657 31 2692 l
142 2650 333 2734 Priusquam
361 2661 469 2715 autem
503 2649 542 2716 de
571 2651 647 2735 ipsis
675 2649 919 2716 Atheniensium
948 2651 1101 2745 institutis
1130 2649 1228 2716 verba

142 2757 276 2840 faciam,
309 2757 384 2842 quid
405 2757 540 2824 heroicis
570 2759 765 2844 temporibus
794 2758 967 2824 iudicatum
993 2761 1035 2824 eit
1061 2757 1101 2824 de
1132 2758 1227 2849 rebus

30 2881 64 2947 γ’
142 2863 341 2950 capitalibus,
364 2865 532 2932 Goeckero
555 2865 634 2930 duce
655 2867 709 2951 qui
731 2888 760 2951 p.
783 2867 824 2930 46
846 2886 892 2952 sq.
922 2877 954 2932 et
974 2869 1011 2936 tl
1035 2889 1104 2953 sqq.
1127 2867 1227 2932 fusius

30 2960 37 2990 l
141 2973 180 3038 de
201 2973 254 3038 bis
275 2973 370 3037 rebus
392 2973 566 3058 disputavit
587 2975 696 3058 paucis
716 2973 923 3041 adumbrabo.
1024 3013 1025 3020 ε

225 3081 277 3145 De
298 3080 465 3146 homicidio
489 3083 573 3146 enim
595 3083 678 3148 inter
699 3105 809 3148 omnes
831 3095 955 3150 constat
976 3084 1103 3150 heroica
1122 3095 1229 3156 aetate

141 3189 223 3254 adeo
244 3211 309 3254 non
331 3190 456 3274 publice
478 3213 548 3256 esse
569 3191 752 3275 iudicatum,
777 3203 813 3258 ut
835 3203 945 3260 centra
967 3201 1177 3278 cognatorum
1197 3205 1229 3256 et

143 3296 284 3361 familiae
316 3297 474 3363 interfecti
492 3299 604 3364 ‘fuerit
634 3319 754 3385 poenas
792 3301 959 3366 domestici
990 3301 1158 3384 sanguinis
1187 3299 1228 3364 ab

28 3489 29 3492 Ἴ
144 3403 305 3469 homicida
326 3415 474 3490 expetere
497 3407 552 3490 (ef.
574 3407 622 3472 El.
644 3407 706 3472 245
728 3409 823 3492 sqq).
867 3407 929 3487 Qui
959 3417 1014 3472 aut
1034 3408 1166 3472 multam
1188 3407 1228 3472 ab

144 3534 181 3576 eo
204 3511 377 3597 exigebant
398 3523 452 3578 aut
474 3515 506 3578 in
529 3514 657 3579 exilium
680 3537 752 3580 enm
782 3515 940 3599 cogebant
968 3515 1065 3582 abire.
1114 3516 1229 3602 Itaque

145 3619 219 3683 inde
240 3619 326 3705 quod
347 3619 388 3684 de
413 3622 567 3706 supplicio
598 3622 638 3686 ab
670 3622 827 3688 homicida
856 3625 1008 3692 sumendo
1038 3647 1132 3690 nemo
1162 3633 1229 3691 tum

28 3755 33 3790 ,ι
144 3725 270 3792 videtur
301 3729 461 3810 cogitasse
483 3729 597 3810 (Thuc.
620 3729 687 3814 lll,
709 3732 769 3814 45,
804 3732 844 3796 cf.
873 3731 949 3798 nur.
972 3731 1029 3798 Or.
1050 3731 1112 3796 512
1132 3735 1228 3818 sqq),

144 3833 449 3900 homicidiumsstis
471 3848 605 3924 apparet
626 3838 760 3904 heroicis
783 3839 979 3924 temporibus
1001 3839 1149 3904 nondumv
1162 3851 1228 3908 tam

144 3941 258 4006 nefarii
279 3944 407 4008 sceleris
428 3945 498 4010 loco
520 3946 618 4010 fuisse
640 3967 735 4030 quam
756 3956 910 4031 quantum
931 3955 1044 4030 postea
1065 3946 1182 4012 Graeci
1197 3948 1229 4015 id

146 4069 216 4114 esse
239 4051 524 4118 existimaverunt:
540 4055 594 4138 qui
615 4075 679 4118 non
700 4053 795 4118 modo
817 4056 919 4138 ipsum
935 4053 1126 4122 homicidam
1140 4067 1228 4142 puta·

29 4168 30 4174 ’
144 4154 223 4220 bant
245 4159 342 4224 caede
364 4182 433 4224 esse
454 4161 669 4248 inquinatum,
700 4162 755 4226 sed
787 4183 1045 4248 quorumcunque
1067 4163 1229 4229 hominum

28 4305 29 4319 .
145 4273 286 4330 uteretur
317 4268 545 4334 consuetudine
576 4279 607 4333 et
637 4291 844 4358 quaecunque
872 4271 943 4336 loca
968 4272 1118 4356 intraret,
1151 4269 1228 4338 haec
1332 4325 1334 4332 .
