3126 5176
874 411 913 476 10

349 613 433 678 enim
454 612 608 677 eiusmodi
630 614 807 677 sententias
828 619 944 697 poeitae
958 611 1064 676 verbis
1079 622 1275 698 spectatores
1290 614 1442 682 videntur

349 723 561 807 supposuisse,
585 717 779 808 quamquam¹
800 720 952 786 scribenti
974 722 1104 786 minime
1124 743 1232 785 earum
1251 733 1384 788 venerat
1406 726 1440 788 in

348 839 497 895 mentem.

431 939 540 1024 Atque
561 959 581 1001 a
602 939 693 1001 novis
709 937 771 1002 illis
786 937 1001 1023 sophistarum
1019 937 1245 1024 rhetorumque
1259 941 1439 1024 praeceptis

349 1045 464 1130 quibus
487 1046 741 1128 elegantissimus
764 1047 899 1131 quisque
920 1046 1165 1111 Atheniensium
1196 1047 1349 1130 paulatim
1371 1069 1438 1112 eor-

348 1153 532 1238 ripiebatur,
554 1176 595 1218 ne
617 1153 809 1238 Sophoclem
831 1153 959 1239 quidem
978 1155 1121 1239 potuisse
1141 1176 1271 1240 prorsus
1289 1177 1322 1220 se
1336 1175 1438 1220 remo-

347 1283 423 1326 vere
444 1261 537 1326 facile
559 1261 764 1345 intellegitur.
808 1262 872 1328 Sed
894 1271 1020 1327 tantum
1041 1262 1131 1346 afuit,
1153 1261 1251 1327 uthis
1267 1262 1379 1328 studiis
1400 1285 1438 1328 eo

348 1369 545 1435 incumberet
583 1371 710 1434 fervore
752 1391 815 1455 quo
848 1371 1018 1456 Euripides
1051 1371 1267 1455 Anaxagorae
1305 1372 1439 1457 aliisque

349 1477 500 1562 sophistis
522 1479 664 1564 artisque
685 1478 864 1543 rhetoricae
883 1480 1046 1562 magistris
1069 1479 1196 1542 videtur
1217 1499 1252 1542 se
1266 1479 1438 1562 addixisse,

349 1596 384 1650 ut
415 1607 497 1671 quae
527 1586 567 1650 ad
596 1596 698 1651 artem
727 1585 934 1651 excolendam
962 1586 1154 1651 videbantur
1182 1607 1252 1650 esse
1279 1587 1369 1652 utilia
1396 1587 1438 1651 ab

349 1715 457 1758 eorum
490 1693 636 1758 doctrina
667 1703 830 1759 mutuatus
865 1695 958 1758 nimis
997 1695 1027 1757 ei
1059 1693 1225 1778 indulgere
1257 1694 1438 1760 felicissime

338 1793 495 1867 evitaret.
539 1802 682 1867 Primum
712 1803 796 1866 enim
826 1824 898 1866 cum
926 1811 1013 1866 recte
1042 1802 1243 1885 intellegeret
1273 1802 1438 1867 hominum

349 1913 470 1976 animos
493 1911 668 1996 tragoediis
684 1912 804 1976 moveri
819 1932 884 1974 non
899 1933 993 1996 posse
1011 1911 1072 1974 nisi
1086 1931 1294 1996 personarum
1309 1912 1439 1996 ingenia

349 2020 507 2084 coloribus
529 2042 605 2084 vere
626 2019 773 2085 humanis
789 2028 896 2085 essent
917 2019 1054 2105 depicta,
1077 2041 1269 2106 quamquam
1284 2041 1437 2105 personas

349 2149 483 2214 quarum
513 2129 547 2192 in
574 2127 762 2213 Aeschyleis
790 2128 907 2193 fabulis
937 2129 1118 2193 immanitas
1149 2127 1278 2199 modum
1308 2127 1438 2192 humani

348 2237 469 2320 ingenii
491 2237 616 2322 saepius
638 2236 815 2301 excedebat
828 2236 869 2300 ad
884 2237 1056 2301 humanam
1071 2237 1288 2302 condicionem
1303 2235 1437 2322 redegit,

349 2354 456 2410 tamen
477 2367 581 2430 neque
602 2366 738 2430 usquam
760 2347 853 2409 nimis
881 2346 998 2410 saturis
1029 2344 1186 2410 coloribus
1214 2366 1291 2408 usus
1320 2355 1369 2410 est
1397 2344 1437 2410 ad

348 2454 493 2538 vigorem
515 2454 651 2537 ingeniis
673 2453 866 2518 iniciendum
887 2475 991 2539 neque
1012 2455 1098 2518 vitae
1120 2452 1297 2518 cotidianae
1314 2452 1436 2517 humili·

349 2572 449 2626 tatem
469 2562 610 2626 imitatus
633 2562 673 2627 de
694 2562 826 2626 heroum
854 2564 1014 2646 gravitate
1042 2573 1074 2628 et
1103 2562 1260 2647 dignitate
1289 2561 1435 2626 detraxit.

349 2669 477 2734 Deinde
498 2692 569 2733 cum
591 2672 624 2735 in
642 2670 830 2756 Aeschyleis
852 2670 968 2735 fabulis
989 2680 1045 2736 aut
1067 2671 1201 2735 obscuro
1216 2669 1355 2755 quodam
1370 2670 1435 2734 fato

349 2787 404 2842 aut
425 2777 476 2843 dei
498 2779 629 2843 alicuius
652 2781 833 2862 praesentia
854 2778 956 2842 nodus
979 2789 1010 2842 et
1024 2788 1172 2842 nectatur
1193 2787 1225 2842 et
1240 2777 1435 2862 expediatur,
1545 2855 1546 2860 γ

350 2885 541 2971 Sophoclem
562 2885 706 2950 videmus
735 2908 816 2972 quae
843 2887 877 2950 in
905 2884 1080 2969 tragoediis
1109 2895 1249 2969 aguntur
1277 2907 1343 2949 non
1372 2894 1436 2950 tarn
1545 2867 1546 2870 Ἴ

349 2993 470 3057 numini
493 2993 618 3059 cuidam
640 2995 837 3059 extrinsecus
859 2995 982 3058 animos
996 2992 1173 3078 impellenti
1187 3013 1282 3077 quam
1298 2994 1436 3078 ipsorum

350 3101 512 3166 hominum
536 3101 676 3167 tribuere
697 3103 812 3166 rationi
836 3111 868 3166 et
894 3101 1060 3185 voluntati,
1084 3111 1116 3166 et
1137 3101 1169 3165 id
1194 3101 1283 3165 salva
1307 3101 1436 3167 deorum

349 3209 412 3274 fide
433 3231 471 3273 ac
492 3213 673 3275 reverentia
693 3232 789 3296 quam
816 3209 857 3274 ab
878 3209 1032 3294 Euripide
1061 3211 1138 3274 satis
1160 3219 1287 3274 constat
1307 3231 1435 3295 prorsus
1544 3207 1545 3210 ’

350 3341 420 3385 esse
441 3318 608 3384 abiectam.
651 3319 735 3383 Tum
766 3340 870 3383 sermo
902 3317 1098 3404 Sophocleus
1131 3327 1328 3404 quantopere
1359 3339 1434 3382 non·

349 3449 512 3513 nunquam
544 3449 563 3490 a
595 3427 757 3491 rhetorum
789 3435 859 3491 arte
894 3425 1033 3512 pendeat
1071 3427 1165 3492 facile
1197 3426 1390 3514 conspicitur
1400 3426 1434 3508 ⁷).

351 3535 455 3616 Quam
477 3536 561 3599 enim
583 3534 770 3599 facultatem
784 3533 961 3599 disserendi
974 3535 1141 3599 rhetoricis
1157 3531 1435 3598 exercitationibus
1543 3529 1544 3600 J

350 3643 411 3707 sibi
432 3651 682 3728 comparaverat,
704 3643 737 3705 in
761 3644 995 3707 controversias
1017 3651 1224 3727 personarum
1246 3661 1342 3725 saepe
1364 3661 1435 3703 con·
1543 3639 1544 3646 '

350 3752 431 3830 tulit,
455 3753 500 3815 ita
520 3760 565 3834 ut,
588 3749 742 3836 quidquid
766 3771 805 3813 ex
826 3761 961 3835 utraque
981 3759 1074 3836 parte
1095 3749 1157 3812 dici
1177 3758 1302 3834 posset,
1325 3769 1435 3833 expro-

349 3869 483 3925 merent.
527 3857 580 3923 Ab
602 3857 756 3942 Aeschyli
778 3867 897 3942 autem,
928 3858 1037 3943 quiin
1059 3856 1213 3921 eiusmodi
1234 3855 1434 3940 disceptatio·

349 3966 443 4032 nibus
466 3967 608 4032 breviter
629 3975 754 4030 tantum
775 3965 936 4030 adstrictis
958 3965 1155 4048 argumentis
1176 3963 1347 4029 induxerat
1367 3985 1433 4049 per·
1542 3985 1543 3996 ¹

420 4211 440 4278 ⁷)
460 4215 527 4265 Utor
544 4213 571 4263 in
591 4213 641 4264 hac
660 4212 832 4280 praefationis
851 4211 982 4278 particula
1000 4212 1229 4266 observationibus
1247 4215 1282 4264 Μ.
1302 4211 1434 4276 Lachneri,

351 4300 399 4368 qni
418 4299 468 4366 „de
485 4299 633 4351 rhetoricae
651 4314 702 4350 usu
721 4297 884 4368 Sophocleo“
905 4299 1001 4365 (Berol.
1021 4299 1098 4366 18⁷7)
1117 4299 1184 4352 bene
1203 4300 1264 4366 egit.
