3126 5176
650 482 692 548 29

569 569 765 578 ——n————

124 687 231 774 qualia
251 696 287 751 ut
308 687 477 769 evitentur,
498 693 594 770 posta
614 683 668 750 illo
690 684 760 748 loco
783 681 904 747 civibus
919 681 1042 764 suadet,
1063 704 1104 747 ne
1117 682 1210 768 plura

123 795 287 860 adfectent
307 795 341 858 in
362 794 571 859 matrimoniis
592 791 741 858 ineundis
761 811 858 876 quam
885 811 968 875 quae
988 791 1050 874 ipsi
1071 790 1211 857 habeant

123 903 324 990 opponenda.

206 1011 272 1077 Sed
292 1009 404 1076 redeat
423 1010 509 1076 unde
530 1009 692 1075 aberravit
713 1010 815 1074 oratio
837 1007 879 1073 ad
899 1009 1016 1072 civium
1037 1006 1212 1072 Athenien-

123 1121 206 1185 sium
227 1119 467 1202 ingenuitatem.
511 1120 562 1182 Ac
583 1117 747 1204 phratriae
768 1137 838 1181 esse
860 1115 1055 1200 adscriptum
1077 1114 1152 1179 iude
1173 1136 1213 1180 ex

125 1227 299 1293 Clisthenis
318 1226 515 1312 temporibus
537 1235 664 1291 constat
684 1247 750 1290 uon
771 1226 835 1290 iam
857 1223 1019 1288 suffecisse
1044 1222 1085 1287 ad
1107 1224 1215 1287 omnia

126 1333 265 1400 civitatis
286 1335 356 1400 iura
377 1332 555 1398 exercenda
577 1357 585 1398 ι
613 1335 711 1398 immo
738 1333 833 1418 plena
856 1332 968 1396 civitas
991 1330 1174 1412 (πολιτεία)
1195 1352 1237 1396 a.

126 1444 203 1529 pagi
224 1443 376 1506 societate
397 1439 567 1526 pendebat.
606 1439 824 1507 Phratriarum
840 1449 946 1504 autem
961 1440 1091 1524 propria
1105 1439 1213 1503 etiam-

126 1559 196 1616 tum
220 1560 288 1616 erat
309 1571 384 1614 cura
411 1549 488 1614 iuris
515 1548 680 1614 familiaris
709 1536 941 1632 (ἀγχιστείας),
975 1549 1062 1612 cuius
1093 1567 1215 1611 summa

126 1657 314 1722 versabatur
336 1659 369 1722 iu
391 1658 458 1722 iure
479 1655 681 1722 hereditario.
725 1654 820 1734 Quod
842 1655 946 1739 ipsum
967 1654 1114 1720 sollemni
1135 1675 1215 1719 voce

127 1765 326 1850 significatur
346 1766 379 1828 in
402 1765 480 1830 Ant.
505 1763 582 1845 174,
614 1761 669 1826 ubi
698 1761 803 1827 Creon
833 1761 911 1827 dicit
931 1763 1000 1826 iure
1020 1760 1214 1826 hereditario

126 1895 163 1938 se
182 1893 317 1957 regnum
339 1872 483 1936 obtinere

275 1973 342 2065 ἐγω
361 1973 467 2065 κράτη
487 1971 527 2064 δὴ
548 1972 660 2046 πάντα
682 1980 739 2046 καὶ
758 1971 908 2064 θρόνους
930 1975 995 2063 ἔχω

275 2087 427 2172 γένους
458 2086 557 2152 κατ’
586 2075 808 2171 α’γχιστεῑα
837 2091 907 2153 τῶν
928 2076 1111 2153 ὀλωλότων

127 2197 216 2279 (nam
244 2188 286 2260 τὰ
314 2185 481 2280 ἀγχιστεῖα
509 2193 593 2260 idem
623 2217 695 2260 osae
721 2205 818 2281 atque
843 2188 906 2280 τὴν
926 2185 1114 2279 ἀγχιστείαν
1142 2217 1215 2260 con·

126 2313 313 2368 sentaneum
329 2303 400 2385 est).
434 2301 505 2368 Neo
518 2303 622 2368 minus
643 2290 810 2388 ἄγχιστὴρ,
832 2301 917 2388 quod
931 2293 1022 2382 ἅπαξ
1035 2296 1217 2388 λεγόμενον

125 2413 287 2476 iuvenitur
315 2411 349 2474 in
369 2409 485 2476 Traeh.
506 2409 585 2493 256,
616 2411 762 2495 quamvis
794 2411 949 2476 translate
976 2409 1102 2476 heredis
1130 2420 1216 2474 certe
1331 2409 1335 2418 '

125 2521 258 2584 notione
288 2519 396 2584 utitur.
452 2517 625 2584 Praeterea
658 2519 866 2601 gravissimus
898 2517 962 2584 hue
991 2520 1131 2604 pertinet
1163 2517 1215 2582 hio

126 2628 214 2692 locus
236 2625 367 2711 (Trach.
389 2625 451 2690 155
472 2627 557 2711 sqq.)
580 2673 587 2688 .
613 2675 620 2690 .
643 2673 650 2689 .
682 2611 754 2710 ἶμσς
778 2675 939 2692 ......

276 2724 399 2820 oippdr'
420 2723 478 2800 ἀπ’
500 2732 604 2800 οίιιων
620 2723 787 2819 Ἡρακλῆς,
809 2726 881 2800 τότ’
903 2733 939 2802 έν
961 2727 1076 2819 δόμοις

276 2844 384 2910 λείπει
403 2836 550 2908 παλαιὰν
571 2842 690 2910 δέλτον
709 2841 971 2930 ἐγγεγραμμένην

276 2943 476 3036 ξανθήμαθ,
496 2940 575 3034 ἁμαὶ
596 2943 750 3035 πρόσθεν
771 2940 833 3016 οὐκ
856 2948 934 3037 έτλη
954 2951 1053 3030 ποτὲ,

276 3051 423 3135 πολλοὺς
443 3047 574 3143 ἀγῶνας
595 3052 702 3138 egedo,
724 3049 821 3124 οίπω
843 3052 976 3144 φράσαι,

276 3155 349 3232 ἄλλ’
372 3156 418 3243 ὥς
437 3189 471 3232 τι
492 3159 624 3252 δράσων
645 3161 739 3252 εἷρπε
760 3157 826 3234 κοῦ
847 3161 1065 3251 θανούμενος.

277 3277 339 3339 νῦν
360 3273 398 3353 (ί,
420 3264 465 3351 ὡς
487 3271 533 3340 ἔτ’
555 3263 618 3340 οὐκ
639 3265 688 3344 dv
709 3270 783 3342 εἶπε
804 3275 865 3360 μέν
886 3275 1002 3359 λέχους
1024 3266 1044 3340 ὅ
1065 3298 1098 3340 τι

274 3383 367 3468 χρείη
387 3383 420 3466 μ’
442 3379 578 3448 ἑλέσθαι
598 3387 723 3468 κτῆσιν,
745 3379 819 3449 εἶπε
841 3383 870 3450 d'
891 3371 932 3468 ἣν
952 3383 1082 3460 τέκνοις

276 3501 397 3574 μοῖραν
417 3483 576 3574 πατρῴας
596 3493 654 3574 γῆς
675 3484 842 3576 διαιρετὴν
862 3490 957 3575 νέμοι
979 3543 985 3556 .
1010 3543 1016 3556 .
1041 3542 1048 3556 .

127 3594 243 3680 Neque
266 3597 349 3660 euim
369 3595 502 3662 dubium
523 3607 572 3662 est
600 3598 677 3682 quin
698 3607 814 3682 agatur
834 3598 895 3663 hoo
915 3599 984 3663 loco
1006 3597 1046 3663 de
1067 3597 1216 3664 Herculis

128 3713 321 3768 testamento
353 3703 468 3769 litteris
496 3704 667 3788 mandato,
699 3705 732 3770 id
761 3705 847 3792 quod
876 3708 979 3790 ipsum
1008 3706 1050 3771 ab
1072 3706 1217 3772 heroicae

128 3813 245 3878 aetatis
267 3813 395 3896 ingenio
417 3812 556 3877 alienum
574 3835 645 3878 esse
658 3835 752 3878 nemo
767 3835 831 3879 non
845 3814 942 3879 videt.
984 3813 1095 3880 Unum
1110 3824 1217 3879 autern

127 3919 190 3984 hoc
210 3928 402 3985 testamento
424 3929 552 3986 cautum
573 3930 632 4006 est,
654 3921 739 4007 quod
760 3943 890 4007 prorsus
912 3944 952 3987 ex
973 3922 1217 3987 Atheniensium

127 4027 197 4092 iure
217 4027 410 4092 hereditario
432 4027 530 4094 fluere
550 4028 705 4094 videatur.
757 4028 842 4094 Nem
872 4051 943 4094 cum
973 4039 1083 4112 antea,
1112 4027 1217 4115 quoad

128 4181 327 4192 —--—-—-

127 4280 337 4346 magnitudinem
354 4282 423 4334 detis
440 4283 544 4335 Solonis
561 4285 621 4351 lege
639 4285 782 4337 coercitam
808 4299 866 4336 esse
889 4219 1017 4337 membrat
1034 4285 1104 4336 idem
1123 4281 1176 4336 sol.
1194 4297 1217 4338 e.

128 4368 175 4428 ²⁰3
192 4367 351 4432 quibuscum
369 4370 403 4420 of.
421 4370 489 4422 Plat.
508 4371 592 4438 Legg.
610 4370 647 4422 VI
665 4387 689 4439 p.
709 4375 767 4422 m.
