3126 5176
647 461 689 527 49

574 555 770 564 ...κ-...-

122 660 298 746 opponitur
317 661 444 726 virtutis
467 658 567 726 civilis
589 659 770 746 exemplum
792 659 877 746 quod
907 681 1029 727 summa
1050 681 1121 728 cum
1143 669 1212 729 arte

120 768 313 834 describitur
334 769 393 832 917
417 789 487 855 sqq.

272 881 372 969 ἄλλος
394 893 421 957 d
442 882 587 969 αναστὰς
611 889 702 978 ἔλεγε
726 893 811 978 τοῦδ’
830 891 975 974 ἐναντία,

272 1005 384 1084 μορφῇ
403 997 465 1085 μὲν
486 990 548 1067 οὐκ
568 988 714 1081 aduror,
737 990 889 1087 α’νδρεῑος
910 1001 938 1067 δ’
959 991 1053 1087 ανὴρ,

272 1097 417 1193 ὀλιγάκις
438 1099 522 1176 ἄστυ
542 1097 691 1196 κᾶγορᾶς
709 1111 856 1196 χραίνων
876 1103 1010 1190 κύκλον,

274 1205 466 1302 αὕτοῦργος,
489 1215 586 1304 οἵπερ
606 1215 663 1283 καλ
684 1210 785 1301 μόνοι
807 1209 949 1302 σῴζουσι
969 1221 1039 1302 γῆν,

273 1318 408 1404 ξυνετὸς
432 1325 477 1404 δὲ,
497 1339 620 1410 χωρεῖν
640 1315 741 1409 ὁμόσε
761 1338 833 1401 τοῖς
854 1318 966 1409 λόγοις
986 1323 1109 1404 θέλων,

272 1422 435 1518 ἀκέραιος,
457 1423 687 1520 ἀνεπίληπτον
708 1423 857 1518 ἠσκηκὼς
877 1434 962 1514 βίον,

120 1559 186 1622 Est
206 1559 303 1642 igitur
318 1580 463 1644 paganus
480 1581 583 1646 neque
598 1560 820 1646 formansque
835 1559 1017 1644 eloquentia
1031 1557 1166 1642 insignis
1181 1567 1214 1626 ot

122 1663 190 1751 qui,
212 1687 283 1730 cum
305 1687 370 1731 non
393 1667 584 1750 dedignatus
607 1667 746 1750 agelium
767 1687 859 1730 suum
879 1667 1011 1751 antiquo
1033 1686 1121 1730 more
1138 1666 1215 1754 ,ipse

122 1773 228 1838 colere
258 1795 388 1858 perraro
421 1776 529 1839 veniat
562 1775 595 1838 in
617 1774 738 1858 urbem,
767 1796 803 1838 eo
826 1774 929 1858 magis
951 1771 1101 1838 iudicium
1123 1793 1213 1837 suum

122 1881 241 1946 habeat
263 1883 423 1966 integrum
444 1905 504 1947 nec
527 1883 700 1946 t'actiouum
724 1881 836 1946 studiis
858 1882 1060 1946 maculatum.
1115 1879 1213 1946 Cuius

125 1991 274 2074 probitas
288 2013 326 2056 ac
347 1991 515 2076 prudentia
536 1990 578 2054 ab
600 1991 713 2055 insana
736 1989 938 2055 multitudine
960 1988 1039 2054 adeo
1061 2010 1127 2053 non
1141 2009 1213 2074 pro·

124 2097 226 2177 batur,
247 2107 407 2162 utcontra
423 2099 505 2163 illius
520 2120 671 2182 perversa
687 2099 846 2163 sententia
861 2098 1035 2183 pervincat.
1079 2095 1213 2175 Quoties

121 2203 260 2270 Athenis
291 2205 406 2270 similia
439 2206 587 2270 videntur
620 2228 690 2270 esse
723 2205 827 2270 facta!
858 2243 898 2252 -
932 2204 1085 2269 Videmus
1115 2204 1214 2287 igitur

122 2335 233 2378 eorum
261 2324 431 2398 utrumque
462 2336 531 2378 esse
560 2313 740 2398 exemplum
768 2323 875 2378 certae
904 2311 1067 2376 hominum
1097 2312 1214 2398 speciei

123 2441 207 2504 quae
229 2421 390 2506 Euripidis
414 2432 520 2486 aetate
541 2421 678 2487 Athenis
700 2420 919 2508 versabatur:
942 2419 996 2505 qui
1017 2429 1124 2484 utrum
1144 2420 1213 2504 ipse

121 2528 294 2612 praeferat,
318 2551 358 2593 ex
379 2529 448 2614 ipsa
461 2530 587 2594 ratione
602 2527 802 2594 describendi
816 2527 901 2592 haud
917 2527 1051 2592 obscure
1069 2535 1211 2612 apparet.

121 2633 209 2712 Quid
238 2647 344 2702 autem
374 2631 492 2702 sentiat
521 2635 561 2700 de
590 2635 708 2720 populo
738 2636 922 2718 tractando,
951 2635 1077 2700 disertis
1106 2632 1212 2699 verbis
1314 2715 1317 2720 Δ

122 2743 290 2828 profitetur
325 2745 522 2830 interpositis
560 2743 856 2808 ratiocinationibus
894 2742 1084 2829 quibusdam
1120 2763 1212 2828 quae,

122 2873 195 2915 cum
215 2873 280 2916 non
300 2835 445 2917 minus⁸a
465 2853 569 2916 nuntii
591 2851 720 2936 ingenio
752 2861 784 2916 et
811 2849 997 2920 humilitate,
1020 2851 1213 2926 abhorreant

121 2979 219 3047 quam
239 2970 361 3024 rectum
382 2959 574 3024 narrationis
596 2969 740 3024 tenorem
768 2959 1018 3044 interrumpent,
1049 2957 1118 3022 fieri
1147 2979 1212 3021 non

121 3075 229 3152 potest
250 3069 330 3153 quin
349 3077 435 3132 certo
457 3067 597 3153 quodam
619 3067 748 3132 consilio
770 3089 790 3131 a
818 3075 914 3152 poe'ta
942 3067 1045 3130 nuntii
1076 3065 1213 3130 crationi

122 3176 188 3239 sint
218 3177 365 3241 insertae.
417 3175 571 3241 Versibus
601 3176 685 3240 enim
713 3175 773 3240 907
797 3196 866 3260 sqq.
878 3175 917 3257 ³⁴)
949 3177 1095 3238 nuntium
1135 3173 1212 3237 facit

123 3282 395 3348 demonstrantem
425 3269 584 3349 rectorum
615 3283 724 3368 populi
753 3282 815 3346 duc
846 3305 915 3347 esse
937 3304 1056 3367 genera
1077 3301 1211 3367 quorum

122 3392 274 3475 alterum,
303 3392 391 3456 cuius
421 3393 463 3456 sit
491 3391 544 3458 ille
573 3412 668 3476 quem
696 3389 792 3454 modo
815 3389 891 3472 (903
912 3391 998 3475 sqq.)
1021 3387 1210 3474 depinxerit,

122 3498 318 3584 perditurum
340 3499 381 3563 sit
402 3497 638 3583 rempublicam,
661 3495 701 3560 cf.
723 3495 784 3560 907
807 3516 854 3580 sq.

271 3598 354 3672 ὅταν
372 3600 434 3691 γὰρ
455 3596 533 3691 ἡδὺς
556 3618 627 3681 τοῖς
648 3598 761 3688 λόγοις
783 3607 920 3689 φρονῶν
940 3607 1050 3680 κακῶς

269 3717 373 3798 πείθῃ
394 3707 432 3780 τὸ
454 3718 596 3798 πλῆθος,
618 3717 659 3796 τῇ
680 3705 779 3778 πόλει
799 3703 905 3777 κακὸν
925 3711 1018 3796 μέγα,

190 3980 224 4049 ⁸⁴)
242 3984 272 4034 V.
291 3986 426 4036 aot-ars
441 3984 548 4054 spurios
565 3997 622 4034 osse
642 3986 715 4034 ratus
733 3980 896 4032 Kirchhcffic
913 3985 1022 4031 auctore
1048 3977 1127 4030 eiecit
1144 3978 1209 4028 Din-

122 4070 189 4133 dort,
208 4069 252 4120 ssd
269 4086 311 4120 me
329 4069 435 4136 quidem
453 4070 541 4120 iudica
559 4069 673 4120 iniuria:
688 4083 748 4118 nam
767 4067 834 4117 hacc
851 4065 908 4132 ipsa
920 4073 960 4116 est
972 4064 1037 4116 artis
1051 4063 1210 4130 Euripidsae
1236 4047 1241 4060 ¹

122 4155 275 4222 proprietas,
293 4161 324 4206 ut
341 4171 418 4220 saepe
437 4156 566 4206 eiusmodi
585 4153 833 4206 ratiocinationibus
852 4152 966 4202 mediam
984 4151 1135 4216 interpellet
1152 4165 1212 4200 nar·

121 4242 258 4304 munnam,
277 4241 374 4306 quibus
396 4241 460 4307 quid
478 4241 534 4308 ipss
557 4242 589 4292 de
614 4255 726 4306 quaqua
744 4254 772 4289 re
797 4237 908 4302 sentiat,
933 4252 995 4288 cum
1019 4235 1212 4301 spectatoribus

123 4327 306 4378 communicet.

990 4413 1013 4479 4
