3126 5176
561 465 756 578 *a*

112 687 278 754 rhetorum
299 694 401 750 ortem
423 683 569 750 concedit
589 683 779 750 Aristotcles
801 681 907 766 (latet.
931 679 957 766 I,
983 689 994 747 l
1018 676 1059 748 τό
1082 663 1202 770 ductor

112 797 166 879 τῷ
187 783 315 878 ἀληθεῖ,
336 786 378 859 τὰ
400 789 540 876 ἔνδοξα).

200 902 308 987 Atque
329 901 389 966 etsi
409 921 474 965 non
495 899 589 964 modo
620 920 715 985 quam
743 911 891 965 accurate
907 963 909 968 ,
923 911 955 964 et
977 922 1072 985 qnam
1093 913 1204 987 aperte

114 1005 362 1076 Atheniensium
376 1011 475 1074 vitam
491 1009 613 1073 civilem
629 1009 661 1071 in
677 1007 802 1072 fabulas
816 1011 1021 1093 transtulerit,
1037 1009 1204 1074 sedetiam

114 1129 239 1205 quanta
260 1139 331 1182 cum
351 1118 534 1182 sinceritate
556 1137 637 1202 quae
651 1117 720 1200 ipse
738 1117 871 1181 sentiret
885 1117 1063 1202 postposita
1076 1115 1204 1182 fabulae

112 1227 242 1292 ratione
262 1225 524 1311 pronuntiaverit,
557 1245 598 1288 ex
627 1225 704 1308 ipsis
736 1245 818 1309 quse
839 1226 932 1290 attuli
953 1225 1105 1309 exemplis
1126 1227 1204 1290 satis

113 1333 245 1398 videtur
267 1333 398 1415 elucere,
421 1353 518 1396 unum
540 1340 647 1396 tamen
669 1331 773 1396 locum
801 1331 916 1396 addam
947 1354 1008 1418 qno
1037 1335 1142 1418 aptior
1163 1333 1204 1398 ad

113 1440 323 1526 Euripideam
338 1449 440 1505 artem
455 1439 710 1524 cognoscendam
724 1441 781 1504 vix
794 1441 875 1505 ullus
891 1442 1059 1507 invenitur.
1093 1440 1203 1526 Suppl.

115 1550 203 1614 enim
224 1569 254 1612 v.
276 1548 337 1614 238
358 1569 429 1633 sqq.

264 1668 352 1740 τρεῖς
372 1649 434 1740 γὰρ
455 1660 606 1722 πολιτῶν
628 1657 773 1742 μερίδες·
796 1654 910 1740 οἱμὲν
931 1647 1039 1737 ὄλβιοι

266 1753 450 1847 ἀνωφελεῖς
470 1789 506 1830 τε
529 1758 699 1830 πλειόνων
721 1765 750 1829 τ’
772 1763 868 1851 έρῶσ
889 1754 957 1830 ἀεὶ·

267 1869 299 1936 οὶ
320 1872 349 1937 δ’
370 1861 433 1937 cdx
454 1869 586 1956 ἔχοντες
606 1873 663 1938 καὶ
685 1874 901 1955 σπανίζοντες
921 1871 997 1952 dicu

267 1979 380 2060 δεινοὶ,
401 1979 558 2064 νέμοντες
579 1985 628 2064 τῷ
651 1975 775 2066 φθόνῳ
796 1979 902 2054 πλέον
921 1979 1030 2064 μέρος,

268 2085 302 2164 ές
322 2080 402 2164 τοὺς
423 2085 560 2172 ἔχοντος
580 2088 689 2174 κέντρ’
710 2079 847 2171 ἀφιᾶσιν
868 2081 964 2168 κακὰ,

266 2177 429 2280 γλώσσαις
449 2201 608 2282 πονηρῶν
628 2201 829 2282 προστατῶν
851 2189 1072 2282 φηλούμενοι

266 2306 370 2388 τριῶν
391 2303 427 2368 di
447 2309 576 2397 μοιρῶν
597 2295 617 2390 ἡ
639 2305 668 2369 ’ν
687 2305 778 2390 μέσῳ
799 2298 897 2390 σῴζει
918 2298 1044 2382 πόλεις,
1159 2359 1163 2366 .

266 2404 393 2495 κόσμον
417 2405 617 2493 φυλόσσουσ
639 2402 742 2478 ὅντιν’
764 2403 807 2476 ἂν
827 2405 909 2495 τάξῃ,
928 2405 1027 2488 πόλις

118 2518 236 2582 civium
251 2517 419 2602 distinguit
441 2529 506 2584 tres
522 2527 628 2603 partes
646 2540 779 2604 quarum
800 2541 864 2584 una
885 2520 1106 2584 contineantur
1127 2517 1207 2602 opti-

115 2634 220 2690 mates
242 2625 296 2714 qui
317 2627 433 2692 nullius
453 2627 500 2692 rei
529 2627 590 2690 nisi
622 2628 671 2690 sui
700 2625 857 2692 commodi
885 2627 1042 2690 rationem
1067 2625 1208 2690 habeant

119 2753 224 2818 eoque
243 2734 322 2800 nihil
342 2736 466 2819 prosint
486 2735 533 2800 rei
547 2733 702 2819 publicae,
724 2734 825 2799 altera
838 2755 993 2819 pauperes
1009 2733 1063 2818 qui
1077 2729 1208 2817 propter

118 2842 261 2925 inopiam
292 2841 353 2906 illis
385 2841 583 2907 infestissimi
616 2842 784 2908 cuiuslibet
817 2841 1043 2908 contionatoris
1074 2839 1206 2904 arbitrio

118 2947 348 3032 gubernentur,
371 2951 467 3014 tertia
488 2950 542 3034 qui
564 2950 648 3014 inter
669 2949 748 3014 haec
770 2950 929 3016 contraria
957 2969 1086 3013 auream
1107 2949 1209 3012 secuti

118 3055 372 3122 mediocritatem
385 3057 555 3122 firmissino
570 3059 617 3122 rei
631 3057 777 3142 publicae
791 3059 855 3122 sint
870 3049 1039 3143 praesidio.
1061 3056 1115 3124 Ad
1126 3056 1209 3120 hanc

118 3174 229 3230 autem
249 3174 373 3250 partem
395 3165 505 3251 quales
524 3167 706 3250 pertincant
726 3166 880 3248 homiues,
907 3165 1001 3249 plane
1021 3163 1210 3230 inlustratur

119 3271 176 3338 illa
204 3293 299 3358 quam
320 3294 416 3358 supra
444 3272 573 3338 laudavi
599 3272 676 3336 boni
689 3275 782 3352 ‚civis
814 3273 1025 3357 descriptione
1055 3271 1126 3356 (Or.
1148 3273 1208 3338 917

119 3379 219 3464 sqq.),
238 3381 272 3446 iu
294 3401 359 3465 qua
379 3380 617 3446 comissum
637 3381 737 3446 verba
758 3379 855 3465 οἵπερ
876 3382 932 3446 καὶ
951 3373 1052 3464 μόνοι
1066 3373 1209 3465 σῴζουσι

118 3489 183 3572 γῆν
200 3487 397 3574 interposita,
421 3510 483 3573 quo
506 3488 618 3554 melius
640 3499 852 3572 cognoscatur
873 3495 969 3573 poeta
990 3487 1067 3572 quid
1087 3489 1156 3574 ipse
1170 3487 1210 3554 de

119 3594 183 3658 hac
202 3615 237 3658 re
258 3595 383 3658 sentiat.
426 3595 694 3661 Luculentissime
714 3597 813 3681 igitur
833 3603 939 3681 poeta,
962 3615 1033 3658 cum
1048 3616 1088 3658 ex
1107 3591 1209 3660 tribus

120 3699 183 3766 illis
205 3701 320 3768 civium
341 3702 512 3785 generibus
535 3702 672 3768 medium
696 3703 781 3768 dicat
802 3725 838 3768 sc
852 3701 1022 3788 praeferre,
1043 3701 1211 3786 profitetur

120 3807 232 3872 favere
261 3830 296 3872 se
325 3809 526 3894 popularium
547 3810 710 3896 partibus,
738 3811 796 3876 scd
825 3832 934 3876 eorum
961 3810 1017 3896 qui
1044 3810 1210 3874 etiamtum

121 3916 188 3980 sint
206 3917 390 4000 incorrupti.
434 3915 578 3996 Quorum
599 3939 764 3983 numerum
787 3939 858 3982 cum
872 3917 1019 3981 videatur
1033 3918 1210 4002 aegerrime

122 4023 233 4088 tulisse
252 4024 311 4088 sub
332 4023 428 4090 finem
459 4025 533 4092 belli
555 4025 817 4113 Peloponnesiaci
839 4049 909 4091 esse
937 4025 1108 4090 admodum
1137 4046 1209 4110 par-

121 4151 208 4214 vum,
231 4153 268 4195 eo
289 4131 414 4197 facilius
436 4133 660 4218 intellegimus,
683 4155 745 4219 quo
767 4133 898 4198 consilio
920 4131 1033 4198 ductus
1049 4129 1209 4197 contraria

120 4235 177 4302 ssla
206 4239 335 4322 ingenia
365 4241 399 4304 in
431 4237 548 4306 Oreste
577 4241 698 4306 civibus
726 4241 797 4306 suis
820 4251 895 4306 ante
928 4241 1035 4306 oculos
1057 4241 1209 4327 posuerit.

122 4343 232 4429 Atque
253 4345 404 4412 debemus
424 4347 575 4412 admirari
597 4359 717 4432 quanta
739 4349 811 4414 cuin
833 4349 865 4413 vi
887 4359 918 4414 ct
940 4359 1009 4414 arte
1030 4359 1065 4413 ut
1086 4349 1119 4412 in
1136 4367 1208 4410 con-

964 4468 1014 4532 4*
