3126 5176
885 419 926 486 32

359 641 430 686 cum
459 643 479 686 a
505 621 611 686 multis
639 621 709 686 aliis
741 629 810 684 tum
841 640 862 683 a
894 616 1053 704 Sophocle
1085 627 1121 683 ut
1160 619 1302 684 omnium
1334 617 1451 705 quibus

359 729 572 795 Athenienses
584 729 806 814 gloriabantur
817 729 970 792 virtutum
983 726 1271 812 splendidissimum
1285 728 1451 812 exemplar

359 839 489 902 summis
511 836 657 904 laudibus
679 837 780 902 elatus
812 846 869 901 est.
912 837 963 900 Ac
992 835 1167 920 Sophocles
1197 837 1231 900 in
1253 835 1292 902 0.
1316 835 1352 902 0.
1376 857 1450 900 oum

359 947 482 1030 patriae
503 942 733 1030 magnitudinis
756 944 931 1008 celebraret
953 953 1132 1027 auctorem,
1162 965 1197 1008 se
1224 945 1329 1029 ipsum
1358 965 1448 1028 prae-

360 1055 442 1117 stitit
463 1053 587 1138 patriae
608 1053 870 1117 amantissimum.
884 1043 998 1115 Nam
1018 1071 1084 1115 non
1105 1050 1231 1115 modo
1222 1073 1290 1136 ipse
1304 1049 1448 1116 Theseus

359 1181 483 1225 summa
513 1161 565 1245 pie
567 1169 634 1224 tate
666 1159 743 1224 deos
777 1159 852 1223 colit
885 1158 940 1241 (cf.
962 1158 1024 1223 634
1045 1179 1091 1243 sq.
1126 1157 1206 1222 1179
1227 1161 1308 1242 sq),
1340 1159 1448 1242 legum

359 1269 480 1333 auctori
482 1277 582 1332 tatem
604 1287 729 1352 semper
750 1275 858 1330 tuetur
879 1265 955 1350 (913
976 1268 1049 1351 sq.,l
1071 1285 1195 1330 summa
1215 1267 1336 1330 iustitia
1357 1266 1447 1350 (594)

360 1387 393 1443 et
414 1377 597 1441 sinceritate
618 1375 694 1457 (935
716 1374 780 1460 sq.)
801 1375 974 1438 instructus
996 1395 1061 1438 non
1082 1384 1148 1438 tam
1169 1373 1275 1439 verbis
1297 1395 1392 1459 quam
1413 1395 1448 1438 rc

359 1485 456 1549 fidem
477 1506 566 1549 suam
590 1505 627 1548 ac
648 1485 800 1548 virtutem
820 1482 937 1567 probat
958 1482 1056 1566 (1143
1076 1484 1149 1568 sq),
1182 1503 1253 1548 cum
1274 1503 1315 1547 ne
1334 1483 1447 1568 capitis

361 1593 489 1678 quidem
509 1591 731 1678 perhorrescat
752 1591 925 1675 periculum
947 1589 1043 1671 (1040
1057 1591 1138 1675 sq.);
1159 1593 1346 1675 peregrinos
1361 1589 1447 1656 doni·

360 1721 423 1786 que
446 1699 673 1783 benignissime
696 1697 816 1782 excipit
837 1695 915 1782 (qua
936 1697 976 1769 do
996 1719 1032 1760 re
1053 1696 1138 1762 infra
1158 1719 1261 1762 sermo
1282 1697 1351 1779 fiet)
1369 1721 1376 1762 :
1391 1697 1447 1762 sed

359 1817 463 1872 totum
487 1805 731 1870 Atheniensium
752 1803 903 1888 populum
925 1805 1055 1868 summis
1077 1805 1249 1869 virtutibus
1271 1826 1341 1870 esse
1356 1827 1445 1870 orna·

360 1925 429 1981 tum
449 1923 576 2000 praeter
592 1913 751 1979 Theseum
774 1912 829 1996 (cf.
844 1911 914 1977 633.
936 1912 998 1977 913
1013 1933 1060 1998 sq,
1083 1911 1165 1978 1143
1178 1911 1241 1998 sq.)
1263 1922 1295 1978 et
1316 1913 1447 1978 chorum

362 2023 417 2107 (cf.
432 2023 494 2088 879
515 2031 547 2086 et
569 2021 726 2085 canticum
747 2021 808 2085 668
824 2023 909 2106 sqq.)
930 2021 999 2105 ipse
1014 2019 1157 2107 Oedipus
1179 2021 1355 2106 profitetur,
1376 2043 1447 2086 oum

360 2129 505 2195 Athenas
528 2149 609 2214 quae
631 2129 672 2192 sit
692 2131 810 2192 πασῶν
830 2120 1014 2213 τιμιωτάτη
1031 2121 1130 2205 πόλις
1151 2129 1235 2211 (108,
1258 2128 1297 2193 cf.
1313 2129 1376 2194 282
1396 2118 1446 2194 ed-

298 2229 305 2249 '
360 2234 527 2322 δαίμονες)
557 2247 589 2300 et
616 2255 699 2320 quae
728 2227 939 2320 κατῴκηνται
968 2238 1078 2311 καλῶς
1107 2235 1217 2319 (1004)
1240 2235 1378 2301 celebret
1399 2237 1447 2301 his
1540 2247 1541 2260 ²

360 2342 467 2408 verbis
489 2343 584 2425 (1006
606 2342 669 2426 sq.)

507 2441 664 2516 ὁθούνεκ’
687 2447 717 2515 εἲ
739 2471 789 2526 τις
809 2451 850 2534 γῆ
871 2442 974 2527 θεοὺς
996 2447 1170 2516 ἐπίσταται

508 2569 618 2643 τιμαῖς
639 2557 789 2640 σεβίζειν,
810 2547 867 2642 ἥδε
888 2557 966 2642 τῷὅ
985 2546 1174 2643 ὑπερφέρει,

360 2775 471 2859 (1013)
492 2799 500 2839 :
523 2774 709 2860 quibuscum
731 2771 772 2836 of.
796 2771 876 2837 1125
899 2793 969 2858 sqq.

763 2878 837 2944 ἐπεὶ
857 2872 898 2945 τό
919 2879 948 2964 γ’
970 2869 1101 2962 εὐσεβὲς

508 2982 624 3072 μόνοις
644 2987 723 3072 παρ’
745 2977 822 3071 ὑμῖν
842 2971 946 3072 ηὗρον
966 2979 1161 3073 ἀνθρώπων
1181 2983 1247 3074 ἐγὼ

359 2678 395 2733 ut
417 2676 590 2751 cognoscat
611 2665 716 2731 Creon
738 2661 822 2729 οἵων
835 2653 892 2729 ὑπ’
905 2654 1038 2750 ἀνδρῶν
1051 2656 1109 2751 ἥδε
1131 2678 1326 2752 φρουρεῖται
1346 2661 1444 2744 πόλις

508 3097 564 3161 καὶ
583 3083 773 3170 τούπιεικὲς
793 3095 848 3159 καὶ
869 3088 909 3160 τὸ
930 3088 975 3180 μὴ
996 3096 1247 3182 prouocemus.

359 3204 457 3272 Unde
497 3213 626 3289 potitam
666 3204 769 3268 elucet
807 3223 936 3268 suorum
974 3213 1153 3291 tempomm
1186 3206 1300 3292 quibus
1330 3227 1445 3272 nomen

357 3312 558 3378 Atheniense
590 3331 713 3376 summo
747 3312 781 3375 in
813 3310 934 3376 honore
965 3321 1033 3376 erat
1065 3314 1161 3378 etiam
1199 3313 1285 3399 apud
1325 3323 1444 3380 ceteras

360 3419 518 3486 Graeciae
538 3429 660 3504 gentes,
683 3429 801 3484 statum
823 3419 857 3482 in
878 3418 1038 3484 heroicam
1059 3430 1197 3486 aetatem
1218 3423 1443 3488 transtulisse:

360 3549 434 3592 nam
455 3525 581 3593 Theseo
611 3538 698 3592 certe
727 3535 885 3610 regnante
914 3526 1159 3593 Atheniensium
1188 3549 1256 3594 rem
1286 3528 1445 3615 publicam

360 3635 445 3722 apud
468 3645 594 3701 exteras
617 3644 730 3720 gentes
751 3633 906 3698 nihildum
936 3633 1004 3699 fere
1024 3636 1162 3701 valuisse
1189 3638 1260 3723 quis
1292 3647 1341 3702 est
1370 3638 1445 3723 quin

361 3743 544 3809 concedat?
1095 3730 1097 3734 ¹

443 3849 509 3918 Sed
529 3851 608 3916 haec
629 3847 792 3915 hactenus.
834 3849 1005 3935 Ingenium
1025 3851 1178 3936 populare
1205 3875 1301 3940 quam
1320 3856 1444 3940 penitus
1536 3851 1537 3882 ¹

361 3958 512 4045 Sophocli
533 3958 629 4022 fuerit
650 3959 790 4043 insitum,
814 3958 888 4023 inde
909 3958 1156 4026 luculentissime
1184 3972 1333 4048 apparet,
1361 3961 1445 4048 quod

361 4076 489 4152 praeter
509 4065 755 4130 Atheniensium
776 4065 1004 4152 rempublicam
1024 4079 1061 4133 ut
1083 4079 1204 4135 ceteras
1226 4069 1395 4156 dequibus
1413 4071 1444 4133 in

361 4171 477 4238 fabulis
498 4174 605 4258 agitur
626 4174 772 4240 civitates
793 4175 900 4260 specie
919 4196 1091 4259 regnorum
1113 4179 1199 4242 omni
1221 4201 1260 4243 ex
1287 4187 1379 4263 parte
1399 4179 1443 4244 iu·

361 4281 482 4366 dueret,
503 4303 545 4346 ne
565 4281 625 4346 hoc
646 4281 775 4368 quidem
795 4283 901 4368 potuit
922 4303 942 4346 a
962 4305 997 4347 sc
1018 4285 1200 4370 impetrare.
1243 4285 1443 4371 Quamquam
1535 4259 1536 4310 ³
