3126 5176
652 451 691 515 41

123 653 267 739 adsequi.
315 653 402 718 Nam
431 675 497 718 non
525 653 619 718 modo
650 653 845 718 Philoctetes
873 647 957 714 haud
988 649 1116 734 ignorat
1144 667 1216 710 eum

125 783 198 826 esse
220 761 294 846 (407
316 762 401 846 sqq.)

521 838 649 920 παντὸς
671 835 713 909 ἂν
734 836 837 928 λόγου
857 846 964 908 κακοῦ

275 947 404 1038 γλώσσῃ
425 947 569 1038 θιγόντα
590 955 646 1019 καὶ
667 953 880 1038 πανουργίας,
902 940 958 1032 ἀφ’
980 935 1018 1036 ἧς

274 1060 377 1146 μηδὲν
398 1061 527 1126 δίκαιον
547 1059 581 1136 ἐς
602 1061 698 1138 τέλος
720 1061 837 1145 μέλλοι
858 1072 978 1138 ποιεῖν,
1027 1125 1030 1134 ,

123 1169 183 1234 sed
204 1170 272 1254 ipso
292 1167 407 1236 Ulixes
428 1191 524 1255 quam
545 1170 662 1255 agendi
683 1171 841 1234 rationem
856 1177 1007 1254 sequetur
1022 1175 1132 1253 aperte
1146 1187 1216 1250 pro-

125 1277 238 1342 fitetur
259 1277 299 1344 96
321 1301 392 1364 sqq·
525 1350 649 1438 καύτός
670 1352 719 1426 ὢν
739 1361 815 1438 νέος
836 1359 920 1425 ποτὲ

277 1473 437 1554 γλῶσσαν.
449 1469 510 1554 μὲν
530 1459 644 1555 υἷργὸν,
664 1483 757 1554 χεῖρα
779 1470 807 1534 δ’
830 1464 921 1553 είχον
941 1460 1091 1552 ἐργάτιν·

278 1581 338 1642 νῦν
360 1578 388 1642 δ’
411 1577 457 1655 είς
479 1575 615 1663 ἔλεγχον
636 1571 734 1658 ἐξιόν
756 1567 827 1663 όρῶ
845 1581 980 1663 βροτοῖς

278 1678 339 1771 τὴν
359 1690 522 1770 γλῶσσαν,
545 1676 619 1770 οὐχ)
640 1677 755 1772 τᾶργα,
778 1679 882 1752 πάνθ’
904 1674 1089 1770 ἡγουμένην
1111 1707 1118 1747 :

127 1794 258 1876 linguae
280 1795 365 1858 euim
386 1795 526 1859 sollertia
547 1793 625 1859 illud
647 1816 749 1879 genus
779 1794 878 1858 multo
906 1793 976 1878 plus
1006 1792 1067 1856 sibi
1094 1791 1219 1855 videtur

129 1900 286 1986 proficere
307 1923 403 1986 quem
425 1903 551 1967 fortiter
573 1925 611 1967 ac
632 1913 760 1968 strenue
782 1901 917 1987 agendo.
961 1901 1012 1966 Ao
1033 1902 1060 1965 si
1077 1899 1218 1984 Neopto·

131 2009 213 2073 lemo
234 2010 446 2093 interroganti

231 2117 320 2200 (108)
366 2107 428 2183 oo'x
448 2112 586 2204 αἰσχρὸν
606 2111 668 2206 ἡγῇ
689 2121 772 2206 δῆτα
793 2113 835 2186 τὰ
856 2119 962 2204 ψευδῆ
984 2118 1112 2203 λέγειν,·

130 2222 246 2289 Ulixes
267 2227 440 2310 respondet

232 2334 322 2418 (109)
366 2326 437 2415 σόα,
461 2335 490 2402 εί
511 2329 550 2402 τό
573 2338 726 2422 σωθῆναί
745 2361 782 2422 γε
803 2331 843 2402 τὸ
865 2337 990 2420 ψεῦδος
1011 2336 1114 2420 φέρει,

130 2462 239 2506 nonne
268 2465 402 2527 pravum
434 2443 511 2509 illud
540 2445 754 2530 sophistarum
783 2447 985 2530 agnoscimus
1015 2452 1221 2530 praeceptum

133 2549 219 2634 quod
251 2552 359 2616 multis
391 2554 525 2618 saeculis
558 2562 631 2639 post
660 2575 680 2617 a
708 2555 861 2618 societate
890 2552 964 2618 Iesu
994 2561 1120 2616 constat
1152 2573 1222 2616 esse

131 2657 409 2742 redintegratum?
453 2659 589 2725 Accedit
620 2659 705 2745 quod
733 2661 896 2724 vocabulis
917 2653 1022 2742 σοφός
1044 2661 1127 2739 (119.
1147 2659 1218 2722 431.

131 2765 203 2830 440.
228 2767 316 2831 1015.
342 2767 422 2831 1244
443 2790 524 2854 sqq.‚
547 2767 587 2832 cf.
610 2768 649 2832 fr.
667 2769 741 2852 784)
766 2771 963 2852 σοφίζεσθαι
985 2768 1054 2852 (ll)
1076 2761 1221 2850 σόφισμα

135 2872 205 2956 (14)
228 2875 354 2958 saepius
375 2875 503 2939 videtur
524 2877 628 2941 inesse
651 2898 747 2962 sapor
768 2876 897 2962 quidam
919 2877 1037 2959 civilis,
1066 2876 1112 2939 ita
1133 2885 1169 2938 ut
1190 2877 1223 2938 in

133 2981 251 3047 malam
272 2993 397 3070 partem
419 2985 605 3070 accipienda
626 2987 691 3050 sint
714 3011 721 3050 :
745 2986 830 3070 quod
851 2986 933 3050 bene
953 2986 1129 3050 illustratur
1150 3005 1222 3048 con-

137 3088 201 3152 lato
223 3089 373 3176 Aethiop.
396 3093 434 3156 fr.
457 3093 499 3157 26

282 3192 422 3264 τοιαῦτά
444 3200 498 3265 τοί
518 3218 572 3266 σοι
592 3193 677 3286 πρὸς
696 3195 794 3287 χάριν
814 3225 852 3267 τε
875 3191 939 3267 κοό
958 3203 1013 3292 βίᾳ

284 3307 379 3392 λέγω,
401 3301 440 3373 σύ
462 3308 490 3373 δ’
513 3297 615 3386 αότὸς
636 3301 773 3396 ὥσπερ
802 3309 841 3375 οἱ
871 3311 998 3392 σοφοὶ
1019 3302 1142 3394 τὰμὲν

284 3414 380 3478 δίκαι’
402 3413 541 3495 ἐπαίνει,
564 3420 627 3481 τοῦ
649 3417 685 3481 δὲ
707 3418 892 3502 κερδαίνειν
914 3414 992 3500 ἔχου

138 3519 252 3604 quibus
275 3521 489 3607 sophistarum
516 3523 622 3588 studia
652 3514 828 3590 luculenter
855 3524 1086 3609 significantur.
1129 3525 1225 3589 Prae-

135 3637 223 3692 terea
245 3629 285 3692 cf.
309 3630 393 3695 Alet.
416 3630 455 3694 fr.
478 3631 518 3696 88

284 3731 373 3822 φυχι)
393 3732 457 3824 γὰρ
479 3729 597 3816 εόνους
618 3742 674 3805 καὶ
696 3745 867 3825 φρονοῦσα
889 3731 1068 3806 τσόνδικον

284 3847 446 3930 κρείσσων
475 3851 693 3930 σοφιστοῦ
725 3842 854 3924 παντός
875 3847 965 3914 ἐστιν
987 3839 1113 3934 εὑρέτις

134 3952 168 4014 in
190 3973 252 4038 quo
274 3975 339 4017 vox
360 3948 518 4040 σοφιστὴς
540 3956 588 4020 uti
610 3955 736 4020 videtur
765 3957 894 4040 propria
922 3956 976 4020 illa
1004 3957 1135 4020 notione
1164 3977 1227 4039 qua

135 4061 170 4122 in
192 4060 230 4124 fr.
253 4060 315 4125 946
325 4060 364 4144 ²⁵)
386 4062 472 4127 haud
494 4062 589 4127 dubie
610 4073 714 4127 vacat.

205 4258 240 4329 ¹⁵)
259 4263 345 4314 Schol.
359 4264 435 4315 Pind.
448 4265 538 4316 Isthm.
553 4266 578 4329 5,
597 4268 628 4317 36
649 4263 787 4334 σοφιστὰς
802 4263 856 4333 μὲν
874 4266 923 4320 καί
937 4264 1041 4334 σοφοὺς
1052 4258 1150 4333 ἔλεγον
1161 4263 1228 4328 τοὺς

139 4364 271 4417 ποιητας.
290 4350 362 4418 Σοφ.
380 4346 441 4417 μέν’
459 4347 502 4414 είς
519 4351 657 4419 σοφιστὴν
674 4349 725 4408 τὸν
741 4347 821 4419 ἐμόν.
856 4352 896 4403 Cf.
913 4352 1034 4403 Eustath.
1052 4367 1076 4418 p.
1097 4353 1171 4414 1023,
1187 4353 1226 4402 13.
