3126 5176
884 427 922 492 12

800 516 997 524 ἡ*-

436 623 550 710 Neque
579 627 682 710 magis
717 627 771 692 illa
806 649 902 714 quam
936 651 1032 715 supra
1063 631 1252 715 reprehendi
1282 634 1446 722 Euripidis

355 733 584 798 consuetudine
620 756 684 820 qua
720 735 935 820 sophistarum
971 747 1004 803 et
1035 761 1108 804 suas
1141 741 1240 826 ipsius
1270 746 1446 809 sententias

312 921 314 924 Ι
353 843 453 928 spinis
484 842 642 928 partiendi
676 852 707 908 et
750 842 920 909 definiendi
949 845 1076 911 indutas
1105 868 1209 913 novae
1239 853 1353 915 aetatis
1385 853 1447 918 iste

354 951 539 1015 buccinator
571 951 805 1036 spectatoribus
841 953 1016 1018 conabatur
1052 955 1209 1040 probare,
1253 957 1446 1044 Sophoclem

353 1058 496 1123 videmus
528 1058 626 1124 fuisse
657 1059 819 1124 infectum.
882 1061 1024 1126 Primum
1060 1065 1145 1128 enim
1177 1066 1307 1132 minime
1338 1070 1446 1134 omnia

354 1188 436 1252 quae
465 1165 595 1230 deorum
626 1167 671 1232 illi
700 1177 936 1252 contemptores
966 1169 1198 1254 profitebantur
1228 1173 1297 1253 ipse
1320 1175 1446 1241 videtur

354 1273 587 1360 comprobasse.
632 1275 759 1340 Deinde
781 1299 851 1340 cum
867 1277 1103 1342 multitudinem
1118 1280 1320 1364 intellegeret
1335 1286 1445 1349 etiam·¹

273 1391 274 1394 ’
353 1393 421 1448 tum
441 1405 506 1448 non
536 1393 693 1449 maturam
725 1407 794 1449 esse
824 1385 864 1450 ad
895 1408 995 1452 novas
1027 1387 1152 1452 illorum
1182 1390 1347 1475 opiniones
1376 1401 1445 1457 tota

343 1477 460 1556 ‘mente
481 1493 712 1578 percipiendas,
734 1494 874 1560 malebat
895 1495 1050 1560 eiusmodi
1071 1517 1176 1560 rerum
1198 1498 1318 1562 nullam
1338 1499 1444 1566 facere

352 1601 548 1664 mentionem
569 1621 664 1685 quam
688 1600 867 1686 Euripideis
889 1601 950 1666 illis
971 1603 1019 1666 uti
1039 1605 1340 1670 ratiocinationibus
1363 1630 1444 1694 quae

352 1709 448 1792 longe
476 1707 648 1772 abhorrere
676 1708 717 1772 ab
745 1710 824 1774 artis
853 1712 995 1794 tragicae
1023 1711 1181 1796 dignitate
1209 1717 1237 1780 ei
1272 1724 1341 1780 erat
1373 1738 1442 1802 per-

352 1838 488 1882 suasum.

436 1924 500 1992 Sed
522 1947 563 1990 ne
586 1926 656 2010 quis
677 1933 769 2010 putet
791 1923 992 2010 Sophoclem,
1016 1949 1087 1992 oum
1106 1929 1289 2014 tragoedias
1305 1931 1443 2012 doceret,

352 2033 431 2098 nihil
460 2034 564 2116 egisse
592 2033 654 2096 nisi
681 2041 718 2097 ut
748 2032 994 2098 Atheniensium
1021 2057 1113 2100 aures
1143 2048 1175 2103 et
1196 2040 1319 2105 animos
1342 2039 1442 2106 delec-

352 2150 444 2224 taret,
476 2165 541 2206 non
576 2144 681 2207 minus
713 2141 765 2206 ille
798 2163 894 2227 quam
926 2142 1107 2230 Aeschylus
1140 2157 1172 2212 et
1205 2148 1377 2234 Euripides
1410 2148 1443 2214 id

352 2247 518 2334 studebat,
552 2259 587 2315 ut
620 2251 737 2315 civium
767 2272 894 2314 suorum
926 2273 1030 2317 mores
1060 2255 1237 2338 excoleret,
1267 2258 1329 2321 nisi
1358 2257 1443 2343 quod

352 2359 447 2423 aliam
469 2368 596 2423 secutus
619 2368 668 2424 est
688 2359 845 2423 rationem
868 2381 949 2446 quac
978 2363 1055 2425 artis
1085 2363 1260 2428 sinceritati
1288 2367 1390 2448 magis
1414 2366 1442 2429 ei

352 2465 519 2532 videbatur
539 2467 742 2552 respondere.
786 2467 872 2532 Nam
893 2490 997 2554 neque
1018 2471 1113 2534 nimis
1135 2471 1211 2536 forti
1235 2472 1275 2537 ad
1297 2495 1348 2536 res
1370 2495 1441 2556 gra·

350 2575 456 2640 viores
486 2585 702 2660 spectatorum
734 2577 847 2640 animis
879 2577 1105 2663 imprimendas
1136 2601 1213 2644 usus
1245 2589 1294 2644 est
1317 2583 1442 2645 ratione

351 2703 457 2768 neque
478 2684 518 2748 ad
541 2684 755 2770 sophistarum
776 2685 1002 2772 rhetorumque
1033 2686 1168 2752 artificia
1197 2687 1357 2772 confugit,
1386 2688 1441 2752 sod

351 2799 384 2854 et
405 2793 438 2856 in
459 2791 554 2856 rebus
577 2793 663 2856 etin
685 2814 832 2858 sermone
859 2794 1052 2858 suavitatem
1077 2796 1181 2877 magis
1211 2817 1306 2880 quam
1336 2795 1447 2878 gravi·¹

351 2909 450 2964 tatem
472 2910 598 2964 secutus
620 2919 773 2986 personas
803 2901 836 2964 in
867 2922 994 2964 scenam
1023 2901 1175 2986 produxit
1201 2903 1373 2967 instructas
1394 2904 1439 2966 in-

351 3009 454 3092 geniis
476 3029 552 3072 vere
574 3006 720 3073 humanis
742 3017 839 3093 atque
861 3009 907 3072 ita
928 3008 1005 3073 fecit
1026 3017 1170 3092 egentes,
1193 3017 1230 3072 ut
1251 3009 1326 3094 quid
1342 3009 1441 3096 probe

351 3125 406 3180 aut
437 3137 537 3202 prave
568 3115 659 3181 fieret
692 3117 910 3202 unusquisque
942 3138 982 3181 ex
1013 3116 1247 3201 spectatoribus
1282 3117 1351 3182 sine
1377 3117 1439 3182 ullo

352 3225 468 3288 mentis
488 3224 598 3289 labore
618 3235 725 3310 posset
748 3224 930 3290 diiudicare.
976 3224 1049 3304 Qua
1069 3227 1194 3291 ratione
1216 3247 1298 3312 quae
1319 3228 1353 3290 in
1368 3247 1438 3290 con-

351 3332 520 3396 trariorum
541 3333 743 3416 ingeniorum
765 3331 983 3396 efficacissima
1004 3334 1206 3419 oppositione
1220 3333 1359 3398 maxime
1373 3341 1440 3398 erat

350 3440 455 3524 posite
476 3438 642 3524 Sophoclis
665 3439 794 3504 fabulae
814 3440 854 3504 ad
874 3461 979 3505 mores
1004 3441 1249 3507 Atheniensium
1271 3439 1437 3506 emenden-

350 3547 408 3612 dos
428 3547 538 3611 neseio
560 3568 601 3611 an
624 3548 695 3632 plus
718 3569 814 3633 quam
836 3548 960 3613 illorum
982 3549 1148 3614 valuerint.

432 3655 542 3740 Atque
561 3663 597 3718 ut
619 3676 700 3740 quae
721 3654 783 3718 huc
804 3677 905 3741 usque
933 3655 973 3720 de
1001 3666 1071 3720 arte
1092 3656 1271 3740 Sophoclea
1301 3654 1438 3740 disputa·

350 3764 452 3828 vimus
474 3761 672 3847 respiciendo
696 3764 803 3848 paucis
825 3764 1084 3850 complectamur,
1106 3765 1243 3848 primum
1265 3773 1298 3828 et
1319 3773 1438 3847 tempo·

349 3893 419 3935 rum
442 3870 557 3957 quibus
587 3880 702 3957 poetae
731 3872 896 3955 ingenium
926 3870 1188 3936 conformabatur
1218 3871 1438 3957 opportunitas

350 3988 383 4044 et
404 3979 502 4062 ipsius
524 3979 592 4044 vite
613 4001 633 4042 a
655 3978 749 4043 rebus
772 3978 918 4043 civilibus
939 3979 1092 4042 remotior
1113 3979 1312 4064 aliquantum
1341 3977 1439 4043 valuit

350 4085 391 4150 ad
412 4087 628 4151 sinceritatem
659 4089 737 4151 artis
767 4088 910 4170 tragicae
940 4086 1147 4170 servandam3
1177 4086 1292 4152 deinde
1322 4085 1437 4150 medio·

350 4195 446 4258 eriter
467 4193 687 4258 tantummodo
718 4193 855 4258 infectus
884 4195 1099 4280 sophistarum
1127 4196 1353 4280 rhetorumque
1374 4203 1437 4258 stu-

351 4299 411 4364 diis
433 4302 559 4365 avitiis
582 4323 664 4386 quae
685 4300 760 4364 inde
781 4301 991 4367 imminebant
1012 4318 1114 4370 artem
1143 4303 1296 4369 defendit.
1342 4299 1438 4368 Unde
