3126 5176
882 423 924 488 48

360 649 455 713 quam
470 627 645 712 Sophocles
667 628 721 691 isti
741 627 889 692 licentiae
901 625 1071 710 Euripides
1086 624 1260 708 indulgeat,
1283 625 1337 709 qui
1351 645 1450 688 uuam

359 737 425 800 eius
447 736 588 800 fabulam
603 735 755 800 attentius
770 735 951 818 perlegerit,
973 733 1066 797 facile
1080 733 1253 816 intelleget.
1297 733 1347 796 Ac
1362 734 1449 797 nullo

357 844 426 908 loco
448 842 641 929 Euripideae
662 844 741 907 artis
764 852 795 908 et
817 843 951 907 virtutes
974 852 1006 906 et
1027 843 1106 907 vitia
1128 841 1266 906 arbitror
1281 840 1450 906 dilucidius

360 954 501 1037 conspici
534 974 629 1037 quam
662 953 695 1016 in
728 952 940 1036 descriptione
975 952 1029 1016 illa
1062 953 1218 1014 contionis
1252 951 1451 1035 Argivorum

363 1061 478 1144 quibus
509 1060 548 1124 de
578 1069 663 1124 sorte
693 1060 818 1126 Orestis
846 1058 996 1124 iudicium
1024 1069 1073 1124 est
1101 1057 1265 1124 ferendum
1294 1057 1365 1142 (Or.
1389 1057 1453 1122 884

359 1169 444 1254 sqq.)
467 1192 474 1232 :
498 1168 553 1230 ubi
575 1189 760 1252 expressam
782 1176 878 1252 potita
906 1167 1000 1231 finxit
1029 1167 1201 1250 imaginem
1223 1167 1362 1230 civilium
1383 1165 1450 1228 illa·

359 1298 429 1340 rum
452 1275 566 1361 quibus
590 1275 650 1339 sub
672 1275 767 1340 finem
790 1257 1153 1360 belliPeloponnesiaci
1175 1274 1264 1358 (nam
1280 1273 1381 1338 docta
1402 1282 1452 1337 est

360 1384 492 1450 Orestes
516 1383 566 1450 Ol.
590 1383 640 1468 92,
663 1384 698 1468 4)
722 1383 966 1448 Atheniensium
997 1382 1177 1468 respublica
1199 1381 1452 1447 conturbabatur

361 1492 598 1556 discordiarum.
650 1493 759 1577 Atque
789 1513 884 1576 quarn
914 1501 1062 1556 accurate
1090 1514 1166 1556 suae
1195 1492 1318 1576 patriae
1345 1511 1451 1554 mores

361 1602 511 1684 imitetur,
547 1623 587 1666 ex
609 1601 677 1685 ipso
700 1601 923 1685 descriptionis
945 1600 1076 1665 exordio
1098 1609 1247 1684 apparet,
1275 1599 1330 1662 ubi
1351 1597 1453 1662 verba

509 1707 582 1774 ἐπεὶ
604 1709 640 1774 δὲ
661 1703 788 1795 πλήρης
810 1708 931 1794 ἐγένετ’
955 1699 1107 1794 Ἀργείων
1128 1699 1236 1792 ὄχλος,

507 1820 610 1902 κῆρυξ
631 1807 774 1894 αναστὰς
796 1813 886 1884 εἷπε·
909 1819 959 1894 τίς
978 1811 1090 1904 χρῄζει
1113 1817 1221 1902 λέγειν
1228 1843 1240 1894 ;

361 1925 388 1988 si
408 1926 553 2008 legimus,
576 1927 695 1990 nemini
724 1927 837 2010 opinor
864 1948 928 1991 non
958 1927 991 1990 in
1021 1935 1159 1990 mentem
1180 1926 1269 1989 venit
1290 1923 1452 1988 sollemnis

360 2033 444 2097 illius
467 2032 622 2097 formulae
644 2054 708 2118 qua
722 2055 847 2118 praeco,
870 2035 1016 2120 quisnam
1032 2057 1072 2099 ex
1087 2032 1208 2097 civibus
1223 2032 1320 2096 vellet
1334 2031 1451 2114 dicere,

361 2140 485 2205 solebat
506 2162 622 2224 rogare
644 2141 708 2222 (τίς
729 2129 902 2226 ιίγορεύειν
923 2136 1089 2225 βούλεται,
1111 2141 1204 2206 Dem.
1228 2141 1268 2205 de
1290 2162 1354 2204 cor.
1372 2141 1451 2223 1703

362 2248 402 2312 cf.
425 2249 482 2313 Ar.
505 2247 585 2312 Aah.
608 2248 658 2312 45.
681 2249 768 2312 Eccl.
794 2249 876 2334 130).
895 2332 898 2338 ,
920 2248 1047 2314 Deinde
1067 2259 1238 2335 postquam
1259 2246 1452 2331 Talthybius

361 2377 477 2440 praeco
500 2365 532 2420 et
553 2357 728 2421 Diomedes
750 2357 850 2422 verba
871 2357 1016 2422 fecerunt
1039 2379 1122 2443 quae
1141 2358 1273 2422 minoris
1303 2356 1343 2421 ad
1369 2355 1453 2420 hanc

363 2465 595 2549 expositionem
618 2475 692 2529 sunt
714 2466 877 2549 momenti,
900 2465 962 2530 duo
985 2465 1134 2551 deinceps
1151 2466 1293 2530 existunt
1307 2464 1452 2528 homines

363 2593 498 2656 quorum
519 2573 648 2656 ingenia
669 2595 800 2658 prorsus
824 2576 982 2638 contraria
1004 2575 1136 2658 egregia
1158 2595 1229 2637 cum
1251 2581 1320 2637 arte
1343 2570 1451 2656 depin·

364 2690 491 2764 guntur.
536 2681 627 2746 Alter
650 2682 734 2745 enim
756 2690 806 2745 est
828 2682 903 2764 (903
924 2684 1009 2768 sqq.)

512 2777 594 2874 οίνήρ
615 2812 665 2865 τις
692 2778 960 2874 ἀθυρόγλωσσος,
982 2784 1105 2872 ἰσχύων
1126 2782 1246 2873 θράσει

516 2885 656 2981 Άργεῑος
678 2886 740 2961 οὐκ
763 2885 913 2982 Ἀργεῖος,
935 2887 1181 2982 ἠναγκασμένος
1190 2896 1240 2979 ³²),

513 2997 655 3089 θορύβῳ
674 3003 714 3068 τέ
733 3006 872 3080 πίσυνος
893 2993 1042 3088 κάμαθεῖ
1061 3005 1234 3092 παρρησίᾳ,

513 3105 661 3188 πιθανὸς
683 3108 728 3176 ἔτ’
751 3101 873 3188 αύτούς
894 3116 1086 3197 περιβαλεῖν
1107 3115 1200 3196 κακῷ
1218 3134 1292 3176 τινι.

366 3218 461 3299 Quod
482 3220 585 3304 primo
608 3218 722 3306 obtutu
745 3229 878 3304 apparet
900 3242 969 3284 esse
991 3220 1153 3305 exemplar
1173 3218 1333 3305 quoddam
1348 3216 1452 3282 dema-

365 3323 452 3411 g'ogi,
475 3325 561 3411 quod
582 3347 684 3409 genus
706 3326 765 3390 sub
786 3327 883 3392 finem
907 3327 980 3392 belli
1012 3349 1108 3413 supra
1136 3327 1203 3391 dixi
1223 3327 1368 3390 floruisse
1389 3346 1453 3388 om-

365 3436 454 3498 nium
469 3433 692 3519 desperatione
706 3435 842 3500 abutens
852 3436 902 3519 88).
939 3435 1036 3500 Cuius
1052 3436 1280 3500 contionatoris
1294 3434 1454 3519 nequitiae

433 3695 468 3764 ⁸⁸)
488 3697 596 3748 Retinui
614 3697 684 3763 qnod
701 3697 763 3748 libri
781 3698 908 3750 exhibent
925 3698 1037 3750 verbum
1055 3695 1278 3767 ἠναγκασμένος,
1297 3713 1454 3762 quamquam

367 3783 431 3848 quid
448 3783 614 3850 significetur
632 3799 724 3849 parum
742 3783 836 3849 liquet.
874 3786 940 3836 Nam
960 3801 993 3836 ex
1006 3785 1165 3836 coniecturis
1178 3785 1275 3850 quibus
1286 3784 1345 3835 loco
1360 3782 1456 3833 mederi

367 3871 456 3922 conati
474 3877 537 3922 sunt
554 3871 605 3921 viri
624 3870 704 3932 docti,
722 3871 797 3922 nulla
815 3872 904 3922 adhuc
922 3872 1028 3922 ridetur
1046 3872 1111 3922 satis
1129 3887 1186 3922 esse
1204 3871 1355 3938 probabilis.

434 3954 466 4022 ⁸⁸)
486 3956 579 4008 Obiter
596 3973 711 4008 memoro
730 3957 818 4008 verbis
834 3955 955 4026 Ἀργεῖος
973 3956 1025 4012 οὐκ
1042 3955 1160 4026 Ἀργεῖος
1178 3958 1307 4010 contineri
1325 3962 1455 4021 contemp

367 4043 465 4094 tionem
483 4043 615 4108 quandam
633 4044 774 4110 ambiguae
800 4045 943 4095 nothorum
962 4044 1104 4096 civitatis:
1127 4061 1288 4111 quamquam
1311 4051 1401 4095 utrum
1425 4041 1456 4092 ad

367 4129 453 4194 ipsum
471 4129 667 4195 Cleophontem,
697 4130 794 4196 quippe
821 4129 867 4194 qui
893 4146 940 4195 pro
968 4130 1048 4180 notho
1073 4131 1180 4182 habitus
1204 4132 1239 4182 sit
1267 4130 1311 4195 (cf.
1330 4132 1373 4181 Ar.
1392 4131 1454 4179 Rau.

368 4216 417 4266 679
436 4215 484 4281 sq.)
503 4216 570 4268 haec
588 4217 687 4268 locutio
706 4221 807 4282 spectet
826 4216 876 4282 (sic
894 4217 976 4267 schol.
998 4217 1031 4267 ad
1048 4218 1073 4268 h.
1093 4219 1109 4268 l.
1129 4219 1162 4269 cs.
1182 4219 1258 4270 Diod.
1280 4221 1319 4280 13,
1338 4221 1378 4268 83.
1397 4215 1455 4266 Phi·

367 4300 466 4352 lochor.
485 4302 513 4354 iu
531 4304 613 4354 schol.
633 4303 693 4369 772)
713 4317 804 4366 neone,
823 4302 888 4354 mihi
906 4303 957 4354 hoc
975 4304 1033 4354 loeo
1051 4321 1104 4356 non
1122 4311 1162 4356 est
1180 4304 1388 4356 diiudicandum.
