3126 5176
680 445 722 518 43

598 543 794 551 ——-——

301 657 357 722 καί
378 677 435 740 μοι
455 649 558 721 πόλιν
575 655 818 739 κένανδρον
846 645 867 740 ἢ
895 647 1049 740 δούλην
1069 646 1144 718 τινὰ

302 761 417 844 ἔδοξας
439 759 531 846 εἶναι,

150 875 215 938 939
236 895 284 957 sq.
305 873 479 958 respondet
501 871 607 938 Creon

256 973 323 1066 ἐγδο
351 971 436 1046 οὔτ’
458 971 670 1066 ἄνανδρον
698 973 796 1064 τήνδε
818 973 880 1064 τὴν
899 972 1001 1044 πόλιν
1022 979 1141 1063 νέμων,

258 1075 286 1154 ὦ
306 1089 426 1154 τέκνον
446 1087 585 1172 Αἰγέως,
607 1079 691 1154 οὔτ’
714 1079 909 1172 ἄβουλον,
932 1078 977 1164 ὡς
998 1080 1038 1152 σὺ
1059 1083 1121 1169 φης
1144 1139 1150 1150 .
1175 1138 1180 1150 .
1205 1138 1211 1150 .
1236 1137 1242 1150 .

150 1197 253 1262 multo
276 1197 469 1262 modestiore
490 1219 566 1262 usus
586 1199 637 1262 sui
659 1198 818 1282 purgandi
840 1219 936 1262 eausa
957 1197 1158 1262 elocutione:
1181 1216 1243 1280 quo

150 1307 224 1388 ipso
248 1307 428 1372 continetur
450 1305 482 1370 id
504 1305 590 1392 quod
612 1297 774 1390 sophistae
797 1305 947 1372 dicebant
960 1299 1023 1371 τδν
1037 1296 1128 1392 ἥττω
1142 1297 1244 1389 λόγον

150 1414 296 1499 κρείττω
316 1427 436 1479 ποιεῖν.
481 1413 541 1480 Oui
564 1416 715 1499 pravitati
739 1416 819 1479 1143
840 1437 887 1499 sq.

303 1511 425 1608 οὐγὰρ
447 1515 575 1606 λόγοισι
596 1516 657 1588 τὸν
676 1525 752 1603 βίον
774 1518 1005 1607 σπουδάζομεν

302 1623 456 1714 λαμπρὸν
476 1636 649 1696 ποιεῖσθαι
668 1616 797 1714 μᾶλλον
817 1622 838 1717 ἢ
860 1645 931 1708 τοῖς
953 1631 1142 1716 δρωμένοις.

154 1737 300 1801 Theseus
323 1739 455 1822 opponit
477 1737 731 1802 Atheniensium
750 1759 818 1802 rem
848 1739 1007 1824 publicam
1038 1760 1102 1803 non
1123 1747 1188 1802 tam
1211 1739 1243 1801 in

152 1843 261 1909 verbis
284 1866 380 1930 quam
401 1847 434 1910 in
455 1845 581 1930 agendo
604 1867 672 1910 esse
693 1848 839 1931 positam.
883 1845 988 1926 Quam
1009 1847 1162 1931 pristinae
1182 1845 1243 1908 vir-

154 1955 232 2018 tutis
253 1953 507 2018 recordationem
529 1953 781 2018 Atheniensibus
810 1953 909 2018 fuisse
938 1975 996 2039 pro
1017 1953 1242 2032 admonitione,

154 2063 180 2124 si
200 2063 387 2148 respicimus
410 2083 472 2146 quo
494 2073 639 2146 tempore
670 2059 709 2126 Ο.
722 2061 770 2125 Δ(Β.
793 2063 930 2146 primum
957 2061 1052 2126 docta
1080 2062 1137 2144 sit,
1166 2062 1244 2126 satis

154 2180 320 2254 apparet:
349 2191 423 2233 nam
454 2179 522 2234 tum
549 2169 758 2254 respublica
787 2169 866 2234 adeo
899 2179 967 2234 erat
994 2169 1177 2252 debilitata,
1198 2178 1243 2252 ut,

154 2299 227 2342 cum
247 2299 340 2342 nemo
363 2278 403 2341 ad
425 2277 552 2342 fortiter
573 2277 734 2362 agendum
754 2280 876 2342 animos
889 2279 1051 2361 erigeret,
1082 2269 1243 2341 contiona-

154 2397 260 2451 torum
282 2389 440 2471 perversis
464 2387 603 2450 consiliis
625 2388 745 2450 iactata
766 2387 904 2450 cuiusvis
927 2385 1077 2471 loquendi
1100 2386 1245 2450 facultati

153 2515 190 2558 re
211 2515 287 2558 vere
309 2505 394 2559 esset
415 2495 558 2560 subiecta
566 2494 616 2572 ²⁸).

236 2603 345 2688 Atque
366 2605 458 2688 pravi
479 2603 562 2666 illius
585 2603 785 2688 eloquentiae
806 2603 932 2686 generis
955 2601 1040 2686 quod
1062 2623 1157 2686 saepe
1172 2623 1244 2665 cum

156 2712 340 2796 turpissima
367 2713 497 2796 ignavia
524 2713 565 2776 sit
597 2712 800 2794 coniunctum
833 2731 989 2774 summurn
1019 2711 1142 2794 spirant
1169 2731 1238 2774 eon·

155 2828 311 2904 temptum
333 2819 453 2904 Phryg.
477 2820 515 2883 fr.
537 2819 599 2884 649
942 2906 944 2911 Ι

302 2921 383 3004 τοὺς
406 2917 549 3013 εὐγενεῖς
569 2921 632 3015 γὰρ
652 2917 834 3012 κάγαθοὺς,
858 2913 886 2993 ὦ
906 2941 977 3008 παι,
999 2933 1091 3009 φιλεῖ

305 3027 395 3122 Ἄρης
416 3035 574 3121 ἐναίρειν·
598 3035 630 3102 οἱ
653 3037 688 3102 δὲ
709 3041 750 3121 τη
770 3031 901 3122 γλώσση
922 3041 1070 3122 θρασεῖς,

304 3137 485 3228 φεύγοντες
505 3135 587 3222 dtur
608 3135 705 3222 ἐκτός
728 3145 790 3212 εἰσι
810 3150 881 3211 τῶν
901 3149 1042 3210 κακῶν.-

305 3243 394 3338 ’Άρης
414 3245 478 3338 γὰρ
500 3243 600 3320 οὐδὲν
619 3258 690 3320 τῶν
710 3258 825 3319 κακῶν
846 3253 992 3340 ληίζεται

154 3369 186 3423 et
207 3361 246 3424 fr.
269 3361 331 3425 865

304 3467 337 3534 οἱ
357 3463 420 3556 γὰρ
440 3463 619 3556 γύνανδροι
640 3472 696 3535 καὶ
717 3470 825 3555 λέγειν
846 3460 1035 3556 ἠσκηκότες.

155 3575 344 3641 Evidentius
377 3587 484 3642 autem
519 3578 564 3642 illi
605 3579 841 3642 contionatores
881 3577 1031 3642 videntur
1071 3576 1245 3660 significari

155 3683 227 3747 Phil
249 3685 310 3748 386
331 3707 400 3770 sqq.

157 3876 351 3884 *—

223 3981 257 4051 ¹⁸)
277 3984 404 4036 Similiter
421 3985 501 4054 λδγοι
519 3993 546 4037 et
563 3980 631 4055 ἔργα
649 3987 719 4038 inter
736 4004 764 4038 se
782 3995 950 4054 opponuntur
968 3987 1057 4052 Eriph.
1077 3987 1107 4036 fr.
1127 3989 1176 4036 209

353 4075 457 4138 ytcioo’
476 4067 507 4127 ἐν
526 4065 602 4128 οἶσιν
620 4072 757 4141 ἀνδράσιν
775 4075 861 4141 τιμὴν
879 4067 955 4142 ἔχεις

354 4151 427 4212 duco
445 4157 525 4226 λδγοι
544 4157 680 4214 σθένονσι
698 4164 755 4213 τῶν
773 4154 862 4228 ἔργων
880 4157 976 4223 πλέον,

155 4257 271 4309 quocum
289 4245 323 4294 cf.
343 4245 374 4294 ir.
395 4245 465 4310 quod
484 4251 571 4296 exstat
588 4262 629 4312 up.
647 4247 729 4297 schol.
749 4247 810 4297 Eur.
828 4247 905 4297 Rhes.
927 4249 974 4298 105

355 4323 413 4384 εἶθ’
432 4323 509 4397 ἦσθα
528 4329 649 4399 σώφρων
666 4326 735 4400 ἔργα
752 4339 813 4398 τοῖς
830 4331 926 4402 λόγοις
945 4329 1000 4387 tta.
