3126 5176
581 425 778 521 gr*

135 625 197 690 lari
218 625 340 691 nobiles
362 647 403 690 ex
423 627 563 712 antiquis
586 625 736 710 gentibus
758 624 883 690 oriundi
907 645 1098 710 quamquam
1119 646 1224 713 neque

135 734 208 819 plus
229 735 317 798 inre
340 733 467 818 publica
490 755 585 820 quam
606 733 716 819 plebes
738 742 869 819 propter
884 732 1057 818 ἰσονομίαν
1071 733 1223 800 valebant

134 851 168 906 et
196 841 298 906 exiliis
328 840 546 927 bonorumque
577 843 699 906 iactura
725 863 783 927 per
810 841 963 906 tumultus
992 843 1100 907 civiles
1128 841 1222 906 valde

135 958 228 1014 erant
248 946 414 1033 debilitati,
435 949 533 1013 nihilo
557 959 663 1014 tamen
691 950 795 1014 minus
824 950 892 1014 sive
920 959 1051 1036 propter
1070 951 1222 1015 virtutem

134 1057 261 1122 civilem
283 1060 333 1137 (ut
355 1057 491 1122 Pericles
513 1067 545 1122 et
568 1056 765 1140 Alcibiades)
788 1058 856 1122 sive
883 1066 1015 1143 propter
1044 1059 1222 1124 litterarum

133 1167 315 1252 artiumque
347 1166 605 1230 exercitationem
638 1167 688 1250 (nt
720 1163 898 1249 Aeschylus
938 1175 969 1231 et
1001 1165 1220 1252 Thucydides)

133 1276 204 1340 sive
225 1283 356 1360 propter
384 1273 565 1338 divitiarum
594 1271 849 1356 magnitudinem
877 1277 927 1356 (ut
946 1273 1070 1358 Nicias)
1092 1275 1133 1340 ab
1155 1297 1220 1341 om-

134 1381 230 1447 nibus
262 1381 329 1446 fere
360 1381 521 1448 honorati
540 1381 704 1446 etiamtum
733 1381 766 1445 in
795 1403 830 1446 re
856 1381 984 1467 publica
1004 1382 1146 1466 gerenda
1167 1384 1221 1448 ali·

134 1500 290 1576 quantum
310 1489 469 1554 valebant.
525 1488 629 1568 Quam
660 1498 768 1554 autem
800 1490 1009 1556 inexhaustae
1030 1491 1149 1556 fuerint
1170 1513 1221 1556 eo-

134 1618 206 1663 rum
227 1619 312 1683 opes,
336 1619 377 1662 ex
396 1596 685 1662 machinationibus
707 1596 768 1662 illis
791 1599 869 1662 satis
884 1607 1017 1683 apparet
1032 1598 1147 1684 quibus
1162 1599 1221 1664 sub

134 1704 233 1769 finem
254 1693 391 1770 maxime
412 1704 488 1770 belli
509 1705 771 1791 Peloponnesiaci
794 1705 947 1790 populare
968 1706 1135 1791 imperium
1156 1715 1221 1772 stu-

135 1813 256 1878 debant
277 1812 461 1879 dissolvere.
503 1812 619 1899 Itaque
633 1812 808 1898 Sophocles
823 1813 909 1898 quod
925 1815 1051 1900 saepius
1065 1837 1222 1881 summam

134 1923 201 1987 vim
221 1931 252 1988 et
272 1922 494 1988 auctoritatem
509 1922 635 2006 generis
650 1921 809 1986 nobilitati
824 1921 944 2007 tribuit,
967 1924 1054 1988 cuius
1069 1933 1221 2010 tanquam

134 2032 265 2118 propria
285 2033 327 2096 sit
349 2052 472 2096 morum
494 2031 527 2096 et
547 2031 644 2095 animi
666 2031 874 2115 generositas,
896 2041 932 2096 ut
953 2033 1005 2096 Ai.
1029 2033 1108 2098 1093
1129 2054 1199 2119 sqq.
1250 2041 1277 2066 Ψ

284 2129 347 2206 οόκ
367 2130 409 2205 άν
429 2140 515 2220 ποτ’,
537 2131 663 2225 ἄνδρες,
686 2130 789 2225 άνδρα
810 2133 1012 2224 θαυμάσαιμ’
1036 2137 1095 2224 ἔτι,

283 2235 322 2325 ὃς
340 2248 442 2334 μηδὲν
463 2239 512 2314 ῶν
531 2241 682 2334 γόναισιν
703 2243 769 2314 εἶθ’
790 2238 984 2333 ἁμαρτάνει,

284 2347 339 2423 ὅθ’
362 2355 394 2422 οἱ
415 2357 594 2433 δοκοῦντες
615 2345 760 2441 εὐγενεῖς
780 2356 965 2438 πεφυκέναι

282 2465 415 2531 τοιαῦθ’
437 2455 682 2552 ἁμαρτάνουσιν
704 2462 741 2530 έν
761 2457 874 2548 λόγοις
896 2461 968 2551 ἔπη,

133 2583 167 2640 et
187 2573 272 2640 Alet.
294 2575 333 2638 fr.
355 2574 394 2639 91

283 2671 354 2747 ἄλλ’
369 2680 463 2768 είπερ
486 2677 517 2748 εί
535 2693 695 2766 γενναῖος,
719 2670 764 2756 ὡς
785 2669 887 2756 αὐτὸς
908 2679 1021 2764 λέγεις,

282 2783 410 2876 σήμαιν’
434 2781 517 2856 ότου
538 2789 567 2855 τ’
590 2785 623 2855 εί
639 2778 811 2873 χῶπόθεν.
834 2781 874 2853 τὸ
895 2780 959 2874 γὰρ
980 2791 1091 2868 καλῶς

281 2890 432 2981 πεφυκός
454 2887 563 2976 οὐδεὶς
581 2889 624 2965 ἂν
643 2891 791 2983 μιάνειεν
812 2891 911 2982 λόγος

132 3016 166 3072 et
187 3005 226 3072 fr.
249 3007 290 3072 94

282 3109 393 3182 δεινόν
412 3139 449 3201 γε
471 3110 550 3195 τοὺς
570 3117 631 3203 μέν
652 3119 819 3199 δυσσεβεῖς
838 3119 952 3182 κακῶν
972 3116 1001 3181 τ’
1022 3105 1090 3182 άπο

281 3217 495 3305 βλαστόντας,
517 3221 589 3291 είτα
609 3211 728 3292 τούσδε
749 3225 811 3310 μὲν
830 3218 991 3310 πράσσειν
1011 3226 1130 3301 καλῶς,

282 3324 361 3408 τοὺς
381 3333 408 3398 δ
431 3325 533 3410 ὄντας
553 3327 696 3410 ἐσθλοὺς
718 3331 755 3400 dx
777 3355 814 3398 τε
836 3333 999 3417 γενναίαν
1019 3322 1085 3416 ἅμα

280 3443 426 3524 γεγῶτας
447 3437 519 3508 εἶτα
540 3441 708 3525 δυστυχεῖς
727 3439 922 3523 πεφυκέναι.

282 3537 322 3614 οὗ
341 3552 424 3634 χρῆν
444 3542 516 3614 τάδ’
538 3539 628 3614 οὕτω
650 3549 807 3634 δαίμονας
827 3551 965 3634 θνητῶν
984 3547 1062 3634 πέρι

281 3649 458 3743 πράσσειν·
480 3656 578 3744 ἐχρῆν
597 3650 659 3744 γάρ
680 3650 760 3734 τοὺς
781 3656 842 3742 μὲν
863 3645 1007 3738 εὐσεβεῖς
1027 3659 1160 3742 βροτῶν

283 3763 369 3850 ἔχειν
388 3789 421 3831 τι
441 3766 559 3853 κέρδος
581 3763 724 3850 ἐμφανὲς
744 3769 839 3832 θεῶν
858 3757 960 3850 πάρα,

282 3866 361 3950 τοὺς
383 3874 410 3939 δ
432 3864 532 3951 όντας
553 3863 688 3950 ἀδίκους
708 3871 819 3939 τοῖσδε
840 3865 902 3957 τῆν
923 3871 1079 3958 ἐναντίαν

282 3982 375 4068 δίκην
395 3986 510 4048 κακῶν
530 3974 678 4068 τιμωρόν
699 3979 828 4066 ἐμφανῆ
850 3981 962 4064 τίνειν,

281 4080 411 4167 κούδείς
432 4081 475 4156 dv
496 4081 605 4167 οὕτως
625 4079 760 4177 ηὐτύχει
780 4082 884 4164 κακὸς
904 4081 1068 4173 γεγῶςῑθ),

203 4249 234 4318 ¹⁶)
253 4251 356 4302 Horum
374 4251 515 4304 verborum
533 4258 559 4304 et
575 4253 659 4304 forma
677 4257 704 4304 et
721 4251 852 4303 sententia
868 4250 1035 4318 Euripideam
1054 4250 1123 4316 sapit
1139 4249 1218 4300 ratio-

121 4353 200 4394 nem.
235 4335 354 4387 Primum
372 4336 442 4388 enim
460 4343 513 4389 tam
532 4337 645 4389 verbosa
662 4343 689 4389 et
706 4337 795 4388 ieiuna
807 4336 973 4388 ratiocinatio
986 4335 1020 4388 ab
1033 4335 1150 4402 ingenua
1161 4339 1218 4386 arta
