3126 5176
625 421 628 426 ’
669 420 711 486 85

589 509 787 520 -—--..

140 639 219 702 agro
242 617 384 684 Coloneo
406 620 471 683 sint
491 619 553 684 sita
573 619 756 684 nominatur
776 614 1000 705 πυρφόρος
1027 614 1110 698 θεὸς
1134 614 1235 687 Τιτὰν

140 719 350 811 Προμηθεὺς,
373 747 552 810 cognomen
579 721 755 812 πυρφόρος
783 727 904 814 ahquid
933 738 1019 794 certe
1047 749 1089 793 ex
1116 727 1171 794 illa
1199 751 1235 794 re

140 832 267 897 videtur
288 832 437 918 pendere,
460 835 648 918 praesertim
671 855 742 898 cum
764 835 805 900 ab
827 837 898 920 ipsa
913 836 967 900 illa
980 857 1037 900 ara
1051 835 1235 901 Promethei

140 943 311 1025 quotannis
343 941 497 1006 eiusmodi
526 963 675 1026 pompam
705 943 933 1008 collucentibus
961 942 1084 1008 facibus
1106 943 1235 1008 ductam

140 1069 211 1113 esse
232 1049 408 1113 Pausanias
430 1048 471 1132 (1,
493 1049 548 1132 30)
572 1059 684 1114 auctor
704 1050 757 1116 sit.
800 1049 906 1130 Quem
936 1069 1025 1114 aram
1056 1071 1138 1135 quae
1166 1059 1235 1115 erat

138 1177 240 1242 prope
260 1155 300 1220 ad
322 1143 519 1221 academiam
541 1155 716 1240 Sophocles
740 1157 793 1220 illo
815 1157 884 1220 loco
907 1156 992 1220 haud
1022 1156 1117 1221 dubie
1138 1157 1234 1241 signi·

138 1261 257 1346 ficavit‚
288 1268 324 1327 ut
357 1265 485 1327 omnino
507 1264 539 1326 in
562 1263 631 1328 00.
657 1265 798 1348 regionis
819 1273 968 1329 naturam
990 1272 1057 1328 tam
1077 1263 1236 1330 subtiliter

139 1370 294 1454 depinxit,
317 1379 353 1435 ut
374 1372 501 1455 saepius
523 1371 721 1454 echoliaetis‚
750 1370 805 1434 ubi
836 1371 964 1454 singula
984 1372 1055 1435 loca
1076 1372 1139 1436 sita
1159 1372 1234 1436 fuis·

139 1487 221 1560 sent,
253 1499 318 1541 non
351 1479 415 1542 iam
448 1479 525 1542 satis
556 1478 694 1562 liqueret
721 1478 778 1562 (cf.
808 1477 906 1543 schol.
930 1477 990 1545 00
1021 1479 1102 1544 1595
1128 1484 1235 1546 ταῦτα

138 1577 287 1670 γνώριμα
309 1597 380 1661 τοῖς
402 1584 574 1672 ἐγχωρίοις
580 1611 592 1664 ;
613 1587 645 1649 in
667 1587 753 1650 univ.
776 1587 817 1650 cf.
840 1586 901 1652 00
921 1587 964 1652 54
984 1607 1055 1671 sqq.
1086 1586 1144 1652 155
1165 1606 1234 1673 sqq.

138 1691 201 1756 900
222 1714 269 1777 sq.
307 1693 383 1758 1041
406 1715 454 1778 sq.
489 1675 570 1758 1059
590 1715 660 1778 sqq.
693 1693 883 1778 quibuscum
915 1695 956 1758 cf.
987 1693 1089 1759 Thuo.
1117 1698 1155 1780 2,
1187 1695 1234 1760 18.

141 1799 221 1864 1590
241 1801 337 1886 sqq).

222 1908 272 1972 Ac
293 1908 333 1972 de
354 1909 467 1973 ceteris
489 1908 605 1971 civium
627 1907 874 1973 Atheniensium
896 1909 1005 1973 officiis
1026 1909 1165 1974 hicnon
1186 1917 1236 1974 est

139 2015 228 2078 locus
250 2014 350 2079 verba
371 2014 520 2098 faciendi,
542 2035 614 2078 cum
636 2014 721 2099 apud
743 2014 935 2100 Sophoclem
956 2016 1035 2082 nihil
1054 2018 1237 2082 inveniatur

140 2121 225 2206 quod
248 2144 319 2186 cum
341 2123 380 2186 iis
402 2122 580 2187 cohaereat.

223 2229 383 2295 Absoluta
404 2231 503 2314 igitur
525 2229 565 2294 de
593 2231 711 2295 civium
739 2239 773 2295 et
802 2229 964 2295 beneficiis
986 2239 1019 2296 et
1041 2231 1151 2296 officiis
1173 2231 1235 2296 dis-

139 2339 306 2422 putatione
327 2347 438 2421 restat,
459 2347 496 2401 ut
516 2357 614 2402 unum
637 2337 779 2402 breviter
808 2339 1024 2422 perstringam
1054 2339 1236 2404 institutum

140 2447 173 2510 in
195 2467 258 2530 quo
280 2446 410 2510 Atticae
431 2445 572 2509 civitatis
602 2453 693 2508 extra
722 2447 809 2528 ipsos
841 2445 920 2509 lines
942 2445 1069 2509 Atticos
1090 2447 1237 2511 consistit

140 2554 316 2618 translatio.
359 2551 445 2616 Nam
466 2551 542 2615 inde
563 2571 604 2615 ex
618 2572 702 2616 auno
720 2552 787 2616 lere
800 2553 864 2618 506
882 2561 1008 2616 constat
1023 2553 1237 2619 increbruisse

140 2659 411 2742 consuetudinem,
433 2667 470 2723 ut
490 2660 523 2723 in
544 2660 693 2742 regiones
715 2669 918 2744 expugnatas
940 2663 1044 2726 coloni
1071 2661 1124 2726 vel
1151 2661 1235 2745 agri*

140 2781 233 2852 petae
254 2767 462 2854 (κληροῦχοι)
485 2766 720 2832 deducerentur
741 2767 795 2852 qui
818 2769 964 2852 quamvis
989 2777 1113 2834 mutato
1134 2767 1234 2832 domi-

140 2875 211 2938 oilio
239 2875 369 2940 Atticae
408 2875 547 2938 civitatis
586 2873 761 2939 manebant
791 2876 973 2960 participes.
1026 2875 1102 2941 Vox
1130 2884 1238 2941 autem

139 2985 388 3068 aelqpodxoc
422 3003 505 3067 quae
537 2982 570 3046 in
602 2981 741 3066 pedestri
770 2984 915 3048 oratione
945 2984 1073 3047 nonnisi
1109 2984 1239 3070 proprie

139 3099 312 3174 usurpatur
332 3111 404 3153 cum
426 3089 512 3174 apud
533 3090 612 3154 alios
635 3098 747 3174 poetas
779 3100 848 3154 tum
869 3091 903 3154 in
925 3090 1025 3176 Soph.
1049 3091 1101 3155 Ai.
1123 3112 1154 3155 v.
1175 3090 1238 3155 508

139 3198 271 3261 notione
291 3198 392 3260 utitur
411 3197 578 3262 latioribus
599 3197 717 3261 finibus
740 3199 997 3284 circumscripta,
1030 3200 1076 3263 ita
1097 3208 1133 3264 nt
1153 3198 1238 3263 idem

139 3303 208 3368 fere
229 3305 336 3369 voleat
356 3312 454 3387 etque
477 3325 627 3388 „compos
657 3305 790 3369 alicuius
819 3304 918 3370 rei“:
950 3306 1036 3390 quod
1065 3306 1144 3370 mihi
1172 3325 1238 3369 non

140 3420 209 3475 erat
231 3409 442 3474 omittendum
463 3409 535 3474 ideo
556 3411 643 3495 quod
664 3411 744 3476 haec
765 3414 854 3478 notio
875 3412 945 3477 fieri
959 3433 1024 3476 non
1040 3414 1145 3497 potuit
1160 3413 1237 3498 quin

140 3539 181 3581 ex
201 3517 256 3582 illa
277 3517 430 3602 primaria
450 3527 623 3582 emanaret.

222 3624 331 3708 Atque
363 3624 443 3689 haec
474 3623 603 3709 quidem
630 3625 670 3690 de
697 3625 825 3711 publica
854 3627 970 3690 civium
991 3625 1237 3692 Atheniensium

139 3731 355 3796 condicione:
378 3731 418 3796 de
440 3733 587 3818 privatae
608 3741 716 3796 autem
747 3755 856 3798 eorum
885 3734 972 3798 vitae
1001 3741 1093 3818 parte
1114 3733 1236 3817 gravis·

140 3839 236 3920 sima,
266 3837 337 3902 dico
368 3838 417 3904 de
448 3839 751 3922 negotiatione
779 3841 1001 3924 maritima,
1030 3860 1237 3924 pauuanunc

139 4117 229 4183 σεμνὰ
253 4116 300 4167 illa
323 4115 389 4185 τέλη
416 4118 518 4170 Cereris
543 4127 570 4171 et
594 4120 767 4186 Proserpinae
794 4120 942 4187 (ποτνιῶν,
968 4121 1001 4170 ο1.
1021 4122 1070 4172 683
1097 4118 1238 4188 μεγάλοιο

145 4204 231 4256 θεαῖν
249 4199 372 4269 ἀρχαῖον
389 4203 572 4271 στεφάνωμα)
593 4224 599 4256 r
618 4205 715 4271 quibus
732 4205 780 4270 qui
798 4205 851 4256 sint
868 4205 981 4270 initiati,
1005 4205 1039 4256 iis
1056 4204 1127 4256 clavi
1144 4199 1238 4270 lingna

141 4287 219 4350 qussi
232 4287 339 4338 occlusa
349 4285 520 4354 Eumolpidas
532 4289 665 4342 antistites
677 4290 811 4356 imponere
824 4289 1034 4342 taciturnitatem
1044 4287 1090 4356 (cl.
1104 4291 1167 4341 1051
1177 4289 1236 4356 sq).
