3126 5176
843 417 884 484 60

763 508 960 516 ——-

319 639 384 684 non
405 620 508 684 minus
531 620 754 684 contaminari.
792 618 901 698 Quare
920 619 1040 684 factum
1064 628 1121 701 est,
1144 629 1189 702 ut,
1212 641 1405 706 quamquam

320 728 485 792 etiamtum
505 727 683 792 homicidae
705 711 939 812 persecutioni
961 747 1085 791 sacrum
1107 727 1242 792 officium
1258 729 1404 812 cognatis

319 835 455 900 hominis
477 835 572 900 occisi
594 845 662 900 erat
677 836 883 919 propositum,
906 837 976 920 ipsa
999 835 1138 919 „civitas
1161 857 1244 920 qnae
1256 837 1405 900 universa

299 942 373 1007 'illo
396 943 513 1007 scelere
545 953 629 1008 esset
661 943 796 1027 polluta,
829 963 951 1028 poenae
980 964 1000 1006 a
1029 941 1181 1008 maleficis
1210 945 1405 1029 repetendae

320 1059 510 1135 potestatem
532 1051 591 1114 sibi
622 1052 681 1136 ipsi
702 1049 908 1114 vindicaret“.
957 1049 1081 1114 ¹Piaculi
1112 1051 1209 1133 igitur
1238 1061 1270 1115 et
1298 1053 1404 1135 expie-

257 1193 259 1198 ·
320 1157 434 1240 tionis,
467 1179 548 1242 quae
581 1181 631 1222 res
663 1157 747 1243 apud
779 1157 955 1224 Homerum
987 1178 1144 1242 nusquam
1175 1157 1404 1242 significantur,

319 1266 421 1354 prima
454 1266 658 1330 inveniuntur
690 1267 826 1350 vestigia
854 1266 938 1350 apud
967 1265 1144 1330 Hesiodum
1176 1275 1208 1330 et
1237 1267 1405 1331 Arctinum

322 1363 485 1454 (Goecker
506 1395 535 1458 p.
557 1375 621 1456 53).
666 1373 847 1438 Posteriora
879 1384 986 1438 autem
1019 1382 1125 1438 aetate
1157 1395 1228 1438 oum
1261 1373 1302 1438 ab
1335 1375 1405 1438 aliis

320 1491 387 1546 tum
408 1504 428 1546 a
449 1482 579 1565 tragicis
601 1483 705 1566 potitis
735 1491 766 1546 et
788 1483 1015 1546 contaminatio
1047 1481 1102 1545 illa
1131 1480 1299 1545 homicidio
1329 1503 1404 1546 con-

321 1599 412 1674 cepta
435 1598 467 1653 et
498 1591 636 1674 expiatio
666 1612 747 1674 quae
778 1589 953 1654 homicidae
985 1590 1027 1653 sit
1059 1587 1239 1672 subeunda,
1270 1589 1405 1654 heroicis

320 1697 515 1783 temporibus
537 1699 722 1782 saepissime
745 1697 935 1762 tribuuntur.
981 1700 1028 1760 Ac
1050 1683 1245 1782 Sophocleos
1268 1699 1322 1783 qui
1343 1697 1407 1762 huc

321 1807 481 1890 pertinent
513 1806 599 1870 locos
628 1805 777 1872 Goecker
806 1827 835 1890 p.
858 1805 899 1870 53
928 1805 1119 1888 congessit:
1149 1803 1274 1869 adicere
1301 1807 1407 1890 potnit

320 1911 379 1980 00
400 1913 462 1978 944
482 1935 529 1998 sq.
570 1924 601 1978 et
633 1914 694 1980 ott
715 1915 776 1980 656
797 1903 844 2000 sq.
877 1901 932 1978 ubi
964 1913 1108 1998 quamvis
1140 1911 1237 1976 dubia
1268 1913 1408 1978 lectione

319 2011 420 2106 ἄγους
452 2031 558 2086 tamen
590 2013 678 2087 notio
711 2032 827 2087 manet.
883 2021 988 2102 Quam
1020 2031 1167 2086 accurate
1196 2032 1302 2086 autem
1329 2043 1408 2086 suae

320 2130 444 2212 patriae
464 2131 611 2194 instituta
632 2131 773 2195 imitatus
796 2132 846 2214 sit,
875 2131 961 2195 nullo
983 2131 1052 2194 loco
1074 2130 1263 2196 luculentius
1285 2131 1406 2216 perspi-

320 2237 401 2301 citur
422 2259 516 2322 quam
538 2239 599 2305 ΟΒ
619 2239 680 2304 236
701 2259 770 2324 sqq.

469 2338 530 2411 τδν
550 2336 641 2432 ἄνδρ’
663 2335 803 2413 ἀπαυδῶ
823 2351 956 2426 τοῦτον,
980 2338 1070 2424 ὅστις
1092 2345 1171 2424 ἐστὶ,
1192 2349 1249 2430 γῆς

343 2443 357 2450 ”
467 2455 566 2539 τῆσδ’,
590 2439 627 2540 ἧς
649 2449 714 2540 tyois
734 2449 839 2542 κράτη
860 2479 897 2520 τε
919 2457 974 2520 καὶ
996 2448 1144 2540 θρόνους
1166 2453 1264 2537 νέμω,

466 2555 540 2647 μήτ’
562 2561 755 2648 δοδέχεσθαι
775 2555 856 2649 μήτε
877 2575 1094 2649 προσφωνεῖν
1113 2584 1197 2645 τινα,

467 2663 541 2756 μήτ’
563 2669 714 2736 ἐνδεῶν
735 2661 861 2756 εὐχαῖσι
880 2665 962 2757 μήτε
983 2663 1130 2754 θύμασιν

343 2859 349 2863 ,
467 2771 777 2845 κοινδνποιεῖσδαι
797 2773 878 2866 μήτε
899 2779 1052 2865 χέρνιβας
1072 2777 1192 2861 νέμειν,

470 2875 576 2952 οἰδεῖν
597 2887 624 2951 δ
646 2875 703 2952 ἄπ’
725 2885 829 2953 οἴκων
849 2880 987 2966 πάντας,
1010 2877 1055 2962 ὡς
1075 2878 1257 2970 μιάσματος

466 2995 557 3060 τοῦδ
579 2984 655 3079 ἡμὶν
677 2986 776 3072 ὄντος

321 3100 375 3184 (ci.
399 3100 458 3165 817
481 3121 551 3186 sqq.

402 3221 404 3228 ’
468 3195 510 3273 δν
529 3202 573 3294 μὴ
594 3209 709 3298 ξένων,
722 3207 826 3291 ἔξεστι
846 3211 919 3296 μηδ
940 3198 1052 3276 α’στοδν
1072 3232 1139 3274 τινι

470 3310 583 3401 δόμοις
605 3319 769 3403 δέχεσθαι,
790 3318 871 3406 μηδὲ
892 3330 1108 3404 προσφωνεῖν
1128 3337 1212 3398 τινα,

468 3413 575 3490 ὠθεῖν
596 3426 623 3490 δ’
645 3415 702 3491 ἄπ’
725 3425 852 3509 οἴκων),

320 3552 402 3616 quae
434 3553 527 3616 quam
557 3553 657 3618 prope
688 3533 842 3598 accedant
874 3533 915 3598 ad
945 3534 1049 3617 legem
1077 3531 1162 3596 illam
1190 3531 1408 3594 Draconteam

320 3658 414 3723 qnam
437 3637 566 3704 exhibet
588 3639 753 3704 Demosth.
776 3641 868 3725 Lept.
893 3641 950 3706 158
971 3633 1133 3726 χερνίβων
1156 3637 1325 3724 εἴργεσθαι
1344 3628 1408 3700 τδν

320 3734 542 3831 ἀνδροφόνον,
562 3747 728 3827 σπονδων,
743 3741 928 3833 κρατήρων,
944 3745 1052 3833 ἱερῶν,
1067 3736 1259 3832 ἄγορᾶςωδ.
1272 3741 1405 3829 Antiph.

302 3852 378 3936 ·v1,
400 3853 429 3917 4.
452 3853 528 3939 Lys.
552 3853 609 3937 VI,
632 3855 681 3919 52.
704 3854 783 3938 XII,
806 3856 854 3920 99.
877 3856 971 3920 Dem.
994 3854 1130 3919 Androt.
1150 3855 1204 3938 78)
1226 3873 1319 3918 nemo
1341 3871 1406 3914 non

320 3961 416 4026 videt.
459 3963 568 4048 Atque
597 3963 810 4034 consideranti
839 3974 940 4028 totam
968 3962 1054 4026 illam
1084 3961 1201 4048 Oedipi
1230 3962 1406 4026 orationem

321 4071 370 4134 cui
403 4091 467 4134 non
498 4071 586 4135 venit
618 4073 650 4134 in
682 4083 822 4136 mentem
852 4065 1065 4156 προρρήσεως
1093 4071 1176 4134 illius
1209 4063 1272 4155 qua
1287 4067 1405 4149 ¹reoii)

391 4297 424 4364 ⁸⁶)
444 4300 487 4352 Sic
506 4301 575 4350 enirn
595 4301 715 4366 equidem
734 4301 821 4355 locum
840 4301 917 4352 cuins
935 4301 1116 4368 interpretatio
1134 4301 1222 4352 adhuc
1240 4304 1360 4350 versstnr
1378 4296 1406 4347 in
