3126 5176
657 435 698 504 25

575 527 772 534 ——---—-·—

130 639 268 727 propriis
289 637 420 704 vocibus
440 631 573 724 γνήσιος
601 645 634 702 et
661 631 767 714 νόθος
795 636 955 722 usurpatis
985 637 1125 721 spurios,
1148 654 1219 700 oum

130 758 247 812 natura
273 747 358 812 idem
386 747 514 812 valeant
544 756 641 832 atque
665 747 818 830 ingenui,
848 746 875 810 si
902 743 996 810 modo
1024 745 1088 810 sint
1117 741 1219 828 probi,

132 855 244 920 eadem
265 865 362 940 atque
376 855 446 922 illos
462 854 628 939 profitetur
643 853 757 938 dignos
772 875 842 920 esse
858 851 1069 918 condicione?
1111 849 1218 914 Habe-

130 985 202 1027 mus
224 963 322 1046 igitur
343 963 412 1026 sine
433 962 529 1026 dubio
551 961 635 1046 apud
658 960 793 1026 eundem
815 967 945 1046 poe'tam
959 958 1038 1026 duas
1054 957 1093 1022 de
1108 957 1219 1024 eadem
1302 1018 1306 1025 .

129 1093 167 1135 re
204 1072 378 1136 sententiae
411 1091 528 1156 easque
562 1091 692 1154 prorsus
722 1070 806 1136 inter
834 1089 869 1132 se
896 1067 1079 1134 contrarias.
1129 1064 1220 1144 Quae

132 1179 347 1264 discrepantia
368 1189 403 1244 ut
425 1179 519 1246 facile
540 1177 740 1261 dissolvatur,
756 1175 960 1261 Euripideae
988 1177 1066 1242 artis
1094 1194 1219 1258 compa-

130 1289 213 1352 ratio
236 1287 389 1372 optimam
409 1287 543 1372 praebet
563 1308 685 1352 ausam.
728 1285 914 1370 Euripidem
935 1285 1019 1350 enim
1041 1284 1123 1348 siout
1144 1302 1220 1346 suae

130 1396 246 1460 aetatis
267 1395 367 1459 vitam
390 1391 582 1459 cotidianam
604 1394 848 1479 aequaliumque
868 1392 908 1457 de
929 1392 1024 1456 variis
1038 1390 1133 1456 rebus
1149 1411 1217 1456 sen·

131 1503 250 1566 tentiae
280 1504 312 1566 in
343 1501 467 1570 fabulas
497 1524 571 1569 suas
601 1501 744 1568 videmus
772 1499 963 1583 transferre,
993 1501 1040 1564 ita
1067 1519 1220 1584 persaepe

132 1613 233 1698 ipsius
255 1611 295 1675 de
316 1611 423 1696 aliquo
445 1610 690 1678 Atheniensium
713 1611 869 1704 instituto,
892 1631 974 1695 quae
994 1609 1090 1692 longe
1105 1606 1219 1674 abbor-

131 1728 203 1784 reat
223 1741 243 1782 a
263 1720 397 1804 volgari,
419 1720 452 1784 in
474 1719 591 1784 fabulis
613 1718 878 1804 deprehendimus
907 1718 1099 1782 sententiam
1125 1735 1220 1801 quam

131 1826 309 1892 rationibus
339 1826 455 1896 adlatis
485 1826 607 1892 civibus
637 1827 745 1892 studet
773 1825 1004 1892 commendare.
1054 1823 1152 1892 Cuius
1173 1825 1220 1888 rei

132 1936 160 2000 si
180 1936 393 2017 recordamur,
424 1937 558 2004 similem
586 1936 672 2002 locos
699 1935 769 2002 illos
798 1935 994 2019 Sophocleos
1015 1932 1135 2000 habere
1156 1933 1220 1997 vim

132 2043 204 2108 luce
224 2042 261 2110 fit
282 2044 406 2110 clarius.
448 2042 558 2110 Nihilo
580 2053 688 2110 tamen
706 2045 811 2110 minus
826 2052 980 2129 quantum
995 2043 1121 2108 intersit
1138 2043 1221 2106 inter

131 2148 346 2236 Sophocleum
368 2159 470 2216 artem
492 2160 524 2216 et
539 2151 754 2236 Euripideum,
773 2151 835 2218 hoc
855 2152 925 2236 ipso
940 2151 1086 2236 exemplo
1103 2150 1222 2235 optime

134 2259 331 2326 inlustratur.
374 2258 516 2324 Primum
539 2260 624 2326 enim
644 2259 686 2326 ad
707 2281 873 2326 numerum
896 2260 979 2345 quod
1002 2260 1133 2340 attinet,
1163 2257 1221 2324 So·

131 2365 266 2451 pboolea
312 2366 466 2431 eiusmodi
510 2368 657 2452 exempla
705 2389 866 2452 perpauca
906 2367 1083 2432 videbimus
1120 2386 1223 2450 paene

134 2495 326 2540 evanescere
347 2496 425 2560 prae
445 2474 529 2542 mole
556 2476 705 2542 similium
736 2497 818 2560 quae
846 2475 930 2561 apud
962 2475 1147 2559 Euripidem
1175 2474 1221 2538 in·

134 2581 308 2648 veniuntur
322 2583 474 2649 locorum.
502 2582 630 2650 Deinde
644 2581 845 2668 Sophocleae
859 2584 1037 2650 sententiae
1051 2581 1222 2646 admodum

131 2689 279 2756 modeste
299 2691 444 2776 prolatae
465 2691 560 2776 plane
581 2700 699 2758 vacant
726 2692 817 2756 siccis
845 2691 906 2756 illis
928 2689 1223 2758 ratiocinationibus

130 2797 248 2883 quibus
280 2798 453 2884 Euripides
486 2800 574 2866 velut
607 2800 701 2866 Alex.
733 2799 771 2866 fr.
793 2799 834 2864 53
866 2798 1000 2866 eandem
1031 2800 1223 2865 sententiam

131 2907 245 2990 utique
275 2907 508 2990 spectatoribus
538 2907 645 2972 studet
676 2907 877 2993 persuadere.
920 2908 972 2976 Ex
993 2908 1122 2995 reliquie
1143 2909 1221 2974 loeis

128 3103 328 3112 —u———-—·

331 3224 413 3298 εἴπερ
429 3225 542 3298 πέφυκά
559 3233 597 3300 γ’
617 3229 644 3286 εἰ
662 3229 692 3288 δὲ
708 3231 756 3300 μὴ,
774 3231 864 3299 μείων
880 3231 979 3302 βλάβη.

330 3313 365 3369 τό
382 3332 427 3369 τοι
445 3315 586 3384 νομισθὲν
602 3322 653 3384 τῆς
670 3314 809 3387 ἀληθείας
826 3324 937 3387 κρατεῖ;

130 3425 203 3476 unde
221 3431 309 3502 tamen
328 3425 395 3477 haee
413 3427 471 3494 ipsa
486 3444 519 3479 ex
531 3433 625 3496 poetae
637 3429 767 3482 sententia
784 3430 866 3480 fluere
879 3429 987 3480 minime
999 3430 1079 3481 debet
1091 3430 1221 3480 concludi.

130 3511 226 3576 Neque
246 3512 315 3562 enirn
333 3512 391 3563 fieri
408 3513 503 3580 potuit,
521 3520 552 3565 ut
569 3514 638 3565 idem
657 3519 737 3580 poeta
754 3531 831 3580 quem
858 3529 918 3565 cum
942 3515 971 3566 in
989 3515 1046 3566 vita
1063 3521 1119 3565 tum
1136 3515 1165 3565 in
1183 3516 1221 3566 fa-

130 3597 203 3649 bulis
222 3613 352 3650 summam
370 3599 460 3666 legum
478 3599 654 3652 reverentiam
672 3599 875 3668 ridemusiprae
893 3617 921 3653 ee
939 3601 1014 3667 ferre,
1033 3602 1083 3653 hoe
1095 3617 1149 3652 uno
1162 3601 1221 3653 loeo

131 3683 210 3748 qnasi
227 3683 343 3738 ludibrio
361 3685 472 3738 baberet
494 3686 584 3753 legum
608 3687 800 3738 auctoritatem.
843 3689 898 3740 Nec
924 3688 1009 3754 magis
1035 3689 1101 3740 haec
1122 3687 1222 3740 ironice

131 3769 206 3825 diota
226 3777 336 3836 possunt
361 3787 443 3824 esse:
470 3789 532 3826 uam
557 3787 618 3824 cum
639 3773 668 3824 in
692 3773 841 3842 Euripideie
866 3774 965 3826 fabulis
989 3774 1068 3826 multi
1092 3774 1222 3828 eiusmodi

131 3863 274 3908 oeeurraat
291 3857 344 3908 loci
361 3857 460 3924 quibus
482 3872 542 3910 oum
568 3859 652 3909 ironia
677 3859 789 3925 quadam
814 3859 935 3926 singulae
958 3875 1000 3910 res
1018 3859 1221 3912 Atheniensium

132 3942 276 3994 videantur
293 3942 443 4010 perstringi,
462 3945 532 4010 apud
551 3943 715 4011 Sophoclem,
734 3950 765 3995 ut
783 3951 823 3996 eat
840 3950 917 4011 poeta
933 3946 1113 4012 gravissimus,
1130 3947 1221 4012 neqni-

130 4044 213 4094 qnam
230 4029 295 4080 talia
312 4030 470 4095 quaerimus.
507 4031 590 4081 Immo
608 4045 671 4082 vero
689 4030 811 4096 equidem
829 4035 892 4096 puto
910 4035 1023 4097 poetam,
1041 4047 1074 4082 ne
1087 4031 1222 4084 videretur

130 4114 331 4167 fraudulentam
350 4117 502 4183 spuriorum
522 4116 657 4168 civitatem
676 4116 871 4183 comprobasse,
896 4117 930 4168 ob
954 4117 981 4168 id
1003 4117 1091 4184 ipsum
1114 4118 1221 4170 illornm

130 4199 275 4252 verbomm
295 4200 337 4268 (fr.
359 4202 419 4269 107)
447 4203 637 4270 procacitatem
663 4204 753 4256 addita
779 4203 826 4255 illa
853 4220 921 4270 quae
948 4219 975 4254 re
1003 4220 1066 4256 vera
1093 4221 1141 4258 sua
1166 4211 1223 4256 erat

130 4286 251 4353 generali
269 4290 401 4341 sententia
419 4288 461 4354 (fr.
486 4289 545 4357 108)
564 4291 641 4356 quasi
658 4290 814 4343 coercuisse.
