3126 5176
782 463 977 562 Q

335 663 428 733 iaciie
449 667 550 754 possit
570 668 694 733 mutari.
739 665 869 732 Deinde
888 677 1057 754 postquam
1087 667 1251 756 Areopagi
1280 676 1420 754 potestas

335 776 375 841 ab
397 775 547 864 Ephialte
579 785 752 840 extenuata
781 785 847 860 est,
879 795 920 841 ne
949 787 1017 840 tum
1039 773 1167 862 quidem
1188 777 1249 842 hoo
1270 775 1420 840 iudicium

335 881 500 952 desinebat
536 881 702 972 permagni
742 885 904 948 aestimari
943 883 1039 970 idque
1070 907 1135 950 non
1166 883 1260 950 modo
1291 893 1421 970 propter

334 991 502 1060 vetustatis
524 993 715 1077 gravitatem
737 989 794 1055 sed
816 993 892 1076 quia
913 1015 954 1056 ex
975 992 1013 1056 iis
1035 993 1242 1078 compositum
1271 1002 1339 1058 erat
1366 993 1420 1076 qui

334 1097 524 1169 archontum
555 1097 658 1166 tunou
691 1111 790 1165 erant.
845 1100 981 1164 Accedit
1012 1100 1097 1186 quod
1129 1111 1256 1186 praeter
1286 1099 1420 1186 capitale

333 1207 483 1274 iudicium
512 1207 636 1280 minora
666 1207 822 1294 quaedam
854 1229 987 1273 munera
1006 1209 1179 1293 Areopago
1199 1207 1418 1290 servabantur,

333 1315 509 1407 exquibus
532 1333 671 1382 memoro
694 1315 1000 1381 administrationem
1022 1317 1124 1380 cultus
1146 1315 1323 1398 Furiarum,
1346 1336 1417 1400 quo,

333 1441 405 1488 cum
426 1421 638 1490 Eumenidum
661 1445 788 1488 sacrum
815 1423 856 1489 ab
878 1421 1003 1510 Oedipo
1033 1423 1195 1488 videretur
1222 1443 1292 1489 esse
1321 1423 1417 1488 viola·

332 1541 410 1615 tum,
431 1551 496 1609 non
517 1532 621 1599 minus
644 1531 780 1597 fortasse
802 1543 949 1618 spectant
969 1531 1023 1597 iila
1044 1531 1143 1596 verba
1157 1531 1232 1615 (00
1246 1529 1306 1595 947
1322 1533 1418 1616 sqq),

334 1649 366 1704 et
388 1654 495 1706 curam
518 1639 657 1710 olearum
671 1637 837 1704 Minervae
851 1659 1011 1704 sacrarum
1028 1639 1192 1726 (μοριῶν),
1215 1638 1300 1725 quod
1321 1657 1419 1702 unum

333 1769 373 1811 ex
394 1746 496 1814 trihus
517 1741 578 1814 iliis
602 1749 725 1836 patriae
746 1749 941 1812 ornamentis
962 1744 1312 1831 Quemquamne
1334 1764 1417 1810 surn-

331 1855 392 1940 mis
412 1853 559 1922 laudibus
580 1852 705 1920 extollit
713 1853 764 1936 ⁸⁸).
806 1848 811 1857 ’

414 1963 522 2050 Atque
543 1961 585 2030 ad
606 1964 771 2050 Areopagi
793 1963 1043 2028 iurisdictionem
1064 1961 1149 2048 qnod
1178 1965 1307 2041 attinet,
1340 1963 1417 2026 satis

331 2080 457 2136 constat
477 2071 607 2138 minime
628 2071 667 2138 de
693 2070 839 2136 omnibus
868 2070 963 2136 rebus
993 2069 1180 2156 capitalibus
1202 2069 1417 2155 Areopagitas

331 2177 505 2260 iudicasse,
546 2175 604 2244 aed
640 2175 680 2244 de
713 2177 861 2242 caedibus
895 2187 1019 2244 tautum
1049 2177 1193 2243 consulto
1225 2179 1417 2263 perpetratis

331 2279 452 2371 (φόνος
473 2278 658 2368 ἑκούσιος);
680 2283 722 2352 de
742 2281 892 2350 caedibus
913 2295 1019 2350 autem
1041 2270 1134 2350 iactis
1156 2293 1211 2350 aut
1226 2283 1266 2349 ab
1281 2286 1416 2349 inscien-

330 2391 415 2460 tibus
438 2385 557 2476 (φόνος
578 2383 748 2474 ἀκούσιος)
778 2402 834 2457 aut
862 2391 902 2456 ab
933 2394 971 2457 iis
994 2393 1048 2480 qui
1070 2393 1102 2456 vi
1124 2393 1189 2457 vim
1209 2394 1342 2458 inlatam
1362 2391 1415 2456 de-

309 2499 499 2568 ¹tenderent
521 2493 643 2586 (φόνος
673 2501 812 2583 δίκαιος)
842 2509 874 2565 ct
905 2501 1079 2585 peculiaria
1106 2500 1222 2567 iudicia
1251 2509 1283 2565 et
1313 2509 1416 2565 certas

330 2629 388 2694 pro
420 2607 571 2676 facinoris
603 2606 762 2694 gravitate
795 2629 913 2693 poenas
946 2607 1045 2673 fuisse
1073 2610 1251 2672 institutas.
1311 2607 1416 2686 Quam

330 2717 484 2782 scelerum
522 2737 760 2804 poenarumque
804 2715 1041 2782 distinctionem
1083 2715 1228 2804 quamvis
1267 2713 1416 2780 subtilem

273 2895 276 2903 ,
330 2823 520 2910 Sophoclem
552 2821 695 2892 videmus
727 2825 759 2888 in
794 2823 918 2890 fabulas
949 2845 1022 2888 suas
1051 2825 1178 2909 saepius
1206 2821 1416 2888 transtulisse.

329 2931 470 2996 Primum
493 2931 577 2998 enim
599 2949 791 3018 quamquam
814 2933 917 3016 capite
939 2931 1096 2996 sancitum
1112 2942 1188 3014 erat,
1211 2931 1324 3016 siquis
1340 2949 1414 2994 eon-

308 3039 411 3104 ·aulto
433 3040 569 3126 aliquem
591 3037 811 3123 interfecisset,
834 3061 888 3104 reo
911 3049 1017 3103 tamen
1038 3034 1155 3104 licebat
1185 3050 1258 3123 poet
1279 3039 1415 3123 primam

329 3148 486 3212 actionem
509 3147 598 3212 abire
620 3147 793 3230 exulatum,
816 3148 861 3211 ita
881 3156 917 3210 ut
938 3145 1019 3210 duae
1040 3143 1122 3210 iliius
1145 3145 1249 3210 caedis
1281 3163 1415 3230 poenoe,

328 3264 384 3318 aut
405 3256 596 3342 supplicium
626 3266 681 3320 aut
712 3245 885 3340 ἇειφυγία,
917 3255 1107 3318 constitutae
1129 3276 1200 3319 esse
1221 3253 1416 3319 viderentur.

328 3357 380 3426 lta
407 3361 433 3426 is
457 3359 510 3446 qui
532 3361 645 3430 Laium
668 3381 777 3450 regem
800 3361 995 3427 interfecerit
1024 3359 1066 3426 ab
1087 3359 1236 3446 Apolline
1257 3359 1416 3445 Delphico

328 3477 384 3532 ant
405 3469 518 3554 capitis
539 3479 596 3542 aut
617 3471 704 3536 exilii
726 3467 903 3553 damnamur,
925 3465 965 3534 ci
988 3465 1048 3536 OR
1062 3468 1103 3534 99
1119 3489 1189 3554 sqq.
1211 3467 1266 3532 ubi
1288 3467 1415 3552 Oedipo

327 3578 454 3660 roganti
475 3577 564 3663 ποίῳ
585 3579 772 3664 καθαρμῴ,·
799 3579 849 3654 τίς
878 3601 897 3643 o
925 3570 1051 3662 τρόπος
1072 3579 1130 3660 τῆς
1150 3577 1339 3661 ξυμφορᾶς
1364 3595 1414 3638 re·

327 3682 465 3768 spondet
485 3683 591 3750 (hmo
1326 3711 1328 3716 ’

327 3829 523 3841 ---....-..-.

393 3911 427 3982 ’1)
447 3913 589 3982 Sophocles
607 3921 731 3968 accurate
749 3933 776 3968 se
795 3913 909 3983 adplicat
927 3917 961 3968 ad
980 3915 1076 3966 tenram
1094 3914 1167 3968 iilam
1180 3914 1353 3968 inveteratam
1366 3915 1415 3979 (οἳ.

325 4001 387 4052 Her.
406 4003 430 4064 d,
448 4000 493 4066 82)
512 4017 565 4066 qua
582 4003 755 4056 Athenienses
773 4003 903 4068 putebant
921 4002 1030 4066 primam
1048 4003 1075 4051 in
1095 4001 1185 4053 Attica
1203 4001 1289 4053 oleam
1302 4017 1413 4066 eamque

325 4086 394 4136 nitro
419 4087 633 4155 progermiuaare.
675 4087 818 4154 Epitheton
843 4085 1034 4154 παιδοτρόφος
1059 4085 1114 4152 (OG
1133 4091 1196 4151 701,
1222 4089 1256 4138 cf.
1275 4087 1337 4138 Eur.
1355 4089 1414 4138 lou.

328 4172 404 4237 1480)
422 4171 511 4222 nescio
529 4184 563 4222 an
581 4157 704 4237 pendeat
718 4173 752 4224 ab
777 4172 826 4224 illa
850 4171 1040 4223 consuetudine
1065 4187 1118 4237 qua
1135 4181 1225 4240 partus
1243 4173 1307 4224 editi
1324 4187 1412 4240 genus

325 4257 402 4308 virile
419 4271 515 4308 corone
533 4257 654 4323 oleagina
671 4257 704 4308 od
721 4263 810 4324 poetes
828 4257 890 4308 ostii
912 4257 1028 4324 deligata
1051 4258 1147 4309 ricinia
1174 4259 1276 4310 solebat
1298 4259 1411 4309 iudicari

326 4344 372 4409 (ct.
390 4341 506 4408 Hesych.
525 4357 544 4392 s.
563 4357 589 4391 r.
607 4339 750 4410 στέφανον
764 4339 915 4411 ἐκφέρειν).
