3126 5176
882 474 923 540 22

800 563 996 573 —--—--—-

354 679 499 766 legitimi,
522 700 631 744 eorum
652 679 685 742 in
705 676 831 760 legibus
852 675 971 740 Atticis
992 696 1035 740 ne
1055 675 1137 741 ratio
1159 675 1288 762 quidem
1309 675 1446 740 habetur

355 797 526 875 propterea
546 786 631 872 quod
653 807 673 849 a
694 785 824 850 civitate
844 784 941 868 longe
961 792 1053 848 erant
1083 784 1206 848 remoti.
1258 783 1344 849 Nam
1373 805 1446 849 cum

358 897 499 961 omnium
519 893 634 960 iudicio
656 903 791 979 paterna
812 893 902 978 origo
924 891 1122 978 praevaleret
1132 892 1181 976 ¹⁴),
1203 894 1446 978 peregrinorum

355 1004 412 1070 filii
433 1004 543 1088 utique
565 1011 655 1067 erant
676 1001 853 1087 peregrini,
885 1021 1050 1064 servorum
1082 1001 1176 1064 servi.
1227 1000 1322 1080 Quod
1344 1021 1447 1085 genus

357 1114 383 1177 si
404 1112 590 1196 respicimus
610 1111 719 1174 vocari
739 1101 820 1185 τοὺς
840 1107 878 1174 ἐκ
898 1107 1071 1185 πολίτιδος
1092 1108 1144 1172 vel
1158 1101 1238 1185 τοὺς
1252 1097 1320 1174 ἀπὸ
1335 1132 1447 1194 γυναι-

356 1223 427 1285 κῶν
448 1219 519 1302 (Ar.
535 1218 603 1282 Pol.
619 1215 680 1295 111,
702 1217 723 1281 3
745 1213 928 1304 [5Bekk.])‚
951 1225 1071 1301 quanta
1091 1217 1168 1281 insit
1188 1215 1346 1281 acerbitas
1360 1217 1446 1280 locu·

358 1328 438 1392 tioni
459 1339 537 1403 παῖς
558 1330 617 1412 τῆς
631 1319 755 1412 μητρὸς
770 1326 804 1390 in
818 1325 867 1390 El.
883 1325 945 1389 366
959 1324 1053 1389 facile
1068 1323 1235 1412 dispicitur
1243 1323 1292 1407 ιδ).
1335 1324 1449 1408 Fingit

359 1437 443 1501 enim
463 1435 593 1500 Electra
624 1455 765 1498 sororem
797 1454 862 1497 non
894 1454 964 1497 esse
992 1433 1166 1516 ingenuam
1195 1433 1447 1516 Agamemnonis

357 1545 457 1610 filiam
478 1535 621 1629 (πατρὸς
641 1535 782 1607 πάντων
801 1530 940 1626 ἀρίστου
960 1541 1094 1622 παῖδα),
1124 1539 1181 1605 sed
1202 1562 1241 1605 ex
1262 1541 1372 1605 matris
1393 1562 1446 1604 ne-

359 1653 531 1739 quissimae
560 1650 715 1716 adulterio
746 1647 912 1713 oriundam
931 1669 1033 1732 eoque
1054 1641 1164 1734 νόθην
1183 1646 1446 1732 indignissimam.
1548 1635 1549 1640 ἵ

358 1760 535 1845 Aptissime
556 1757 596 1822 ef.
620 1757 696 1821 Eur.
717 1756 767 1821 El.
790 1756 852 1821 933
874 1777 943 1842 sqq.

440 1868 549 1953 Atque
569 1866 648 1931 haec
670 1866 777 1930 omnia
798 1864 883 1951 quod
905 1886 1028 1929 summo
1050 1865 1118 1930 iure
1139 1864 1272 1929 dicimus
1287 1864 1386 1929 fluere
1408 1887 1450 1929 ex

359 1984 477 2062 potitae
497 1975 596 2057 ipsius
618 1974 799 2060 aequalium
821 1972 861 2037 de
883 1974 998 2058 spuriis
1020 1972 1146 2055 iudicio,
1176 1971 1237 2037 hoc
1257 1973 1362 2058 ipsum
1383 1993 1449 2036 non

359 2085 463 2150 minus
487 2082 623 2170 quadrat
644 2082 684 2147 ad
707 2081 802 2146 aliam
831 2081 992 2167 quandam
1018 2103 1086 2146 rem
1107 2080 1148 2146 de
1170 2101 1241 2166 qua,
1271 2102 1342 2145 oum
1363 2079 1449 2145 haud

360 2191 456 2258 dubie
479 2213 550 2256 cum
572 2191 626 2256 illa
647 2190 825 2273 cohaereat,
847 2189 899 2254 hio
919 2189 1046 2254 videtur
1075 2189 1162 2254 locus
1192 2211 1261 2254 esse
1281 2210 1384 2274 pauca
1404 2188 1448 2252 di·

366 2299 467 2366 cendi.
510 2299 677 2385 Sophoclis
700 2299 784 2364 enim
805 2298 1001 2383 temporibus
1023 2297 1165 2383 perfecto
1195 2298 1328 2382 imperio
1349 2319 1447 2383 popu-

431 2546 460 2614 ¹⁴)
478 2549 538 2600 Hoc
551 2547 666 2615 positum
679 2553 719 2600 est
731 2547 759 2599 in
771 2547 880 2615 volgari
886 2547 934 2600 illa
946 2547 1068 2615 opinione
1086 2563 1139 2614 qua
1156 2546 1189 2599 ad
1202 2545 1299 2600 liberos
1311 2561 1448 2614 procrean-

360 2636 407 2687 dos
435 2641 538 2703 patrem
562 2640 645 2686 matre
672 2635 733 2701 plus
758 2634 848 2686 valere
871 2634 994 2686 omuibus
1019 2650 1174 2702 persuasum
1197 2640 1259 2686 erat.
1302 2633 1386 2686 Cuius
1402 2635 1448 2698 rei,

360 2739 441 2789 quam
463 2722 613 2790 Aeschylus
635 2723 713 2775 Eum.
736 2723 785 2774 65⁷
810 2737 864 2788 sqq.
887 2722 1037 2788 Apollinem
1060 2721 1126 2774 tacit
1152 2727 1344 2789 exponentem,
1377 2721 1447 2788 apud
1547 2729 1548 2794 l

360 2810 519 2876 Sophoclem
536 2810 689 2861 invenimus
707 2809 820 2876 vestigia
834 2811 895 2860 Ant.
909 2810 967 2862 569.
988 2810 1035 2862 OB
1048 2810 1121 2860 12157.
1137 2811 1211 2870 1485,
1229 2809 1326 2874 quibus
1339 2814 1448 2860 matrem
1547 2805 1548 2824 ¹

360 2896 529 2964 significatur
545 2895 613 2946 nihil
631 2911 688 2946 esse
705 2895 757 2946 nisi
770 2894 893 2964 ἄρουραν
907 2897 952 2946 cui
964 2911 1053 2946 semen
1065 2894 1213 2947 mandetur.
1241 2896 1316 2947 Unde
1329 2893 1448 2958 allicitur,

360 2989 392 3034 ut
414 2982 495 3034 etiam
520 2982 604 3048 pietas
625 2982 709 3032 maior
731 2982 859 3047 quaedum
881 2981 950 3047 petri
974 2997 1054 3046 quam
1076 2981 1154 3032 matri
1175 2998 1192 3032 a
1213 2981 1304 3032 liberis
1327 2981 1448 3032 videatur

361 3068 458 3120 deberi.
495 3068 572 3132 Quod
596 3068 619 3119 si
640 3068 811 3134 respicimus,
836 3067 904 3119 bene
926 3067 1107 3134 intellegimus
1130 3067 1177 3133 qui
1197 3067 1253 3132 fiat,
1275 3074 1307 3120 ut
1323 3067 1449 3119 Heracleo
1547 3063 1548 3066 ’

360 3156 455 3210 'Ihaoh
476 3157 543 3208 1064
559 3171 597 3222 sq.

561 3235 584 3296 ὦ
602 3248 664 3306 παῖ,
682 3245 766 3310 γενοῦ
782 3259 832 3310 μοι
850 3248 918 3306 παῖς
935 3238 1073 3310 ἐτήτυμος
1089 3239 1186 3310 γεγὼς,

560 3328 610 3382 καὶ
628 3347 667 3396 μη
684 3325 719 3384 τὸ
734 3326 840 3397 μητρὸς
857 3324 948 3396 ὄνομα
966 3326 1140 3399 πρσεβεύσρς
1157 3324 1245 3382 πλέον

361 3415 476 3482 Hyllum
499 3413 584 3465 lilium
607 3420 725 3479 moneat,
747 3431 780 3466 us
807 3421 945 3482 paternum
968 3431 1064 3466 nomen
1087 3420 1205 3466 materno
1227 3417 1383 3480 postponat,
1404 3411 1449 3463 sed
1547 3417 1548 3442 1

363 3500 460 3553 omissa
477 3501 570 3553 metris
587 3499 685 3567 pietate
703 3501 772 3569 petri
789 3517 888 3552 morem
907 3517 1002 3568 gerens
1019 3501 1093 3552 Iolen
1112 3500 1192 3552 ducet
1209 3500 1237 3550 in
1255 3498 1448 3550 matrimonium

365 3585 445 3654 (1222
464 3588 541 3655 sqq).
574 3588 615 3638 Ac
631 3587 703 3639 filius
720 3587 842 3639 omnibus
859 3587 1072 3640 dubitationibus
1084 3585 1163 3652 (1232
1176 3601 1231 3652 sqq.
1246 3584 1322 3652 1245)
1341 3582 1450 3638 abiectis

364 3675 429 3725 1242
447 3688 503 3740 sqq.

563 3761 664 3830 τοίγαρ
681 3758 800 3828 ποιήσω,
818 3758 890 3815 κούκ
908 3757 1069 3826 ἀπώσομαι,
1087 3755 1122 3814 τὸ
1138 3755 1189 3813 σον

564 3851 659 3904 θεοῖσι
679 3847 790 3912 δεικνὺς
808 3839 899 3916 ἔργον.
918 3843 950 3902 od
968 3847 1022 3915 γὰρ
1040 3843 1075 3900 ἄν
1092 3861 1163 3900 ποτε

563 3933 651 4000 κακὸς
668 3934 789 4004 φανείην
807 3934 855 3988 σοί
871 3951 904 4002 γε
920 3930 1083 3996 πιστεύσας,
1102 3931 1193 3999 πάτερ

363 4019 448 4086 patris
466 4019 600 4072 voluntati
616 4021 757 4087 pollicetur
775 4035 803 4071 se
821 4035 967 4080 cessurum,
989 4017 1016 4068 id
1034 4017 1105 4083 quod
1122 4033 1199 4069 nemo
1217 4017 1268 4070 sibi
1285 4017 1368 4084 possit
1385 4015 1448 4068 vitio

363 4111 466 4158 vertere
484 4106 606 4172 quamvis
623 4108 723 4160 violata
741 4123 805 4174 erge
822 4112 933 4158 matrem
949 4104 1054 4172 pietate.

434 4190 466 4260 ¹⁶)
485 4193 539 4243 Hic
556 4192 631 4244 locus
647 4194 833 4245 Aristotelicas
856 4192 934 4259 plane
958 4191 1077 4242 sufficere
1101 4189 1168 4242 mihi
1190 4189 1296 4242 videtur
1317 4189 1351 4241 ed
1374 4205 1449 4242 usum

364 4278 508 4330 locutionis
533 4285 601 4344 παῖς
626 4277 731 4346 μητρὸς
751 4278 973 4330 inlustrandum:
997 4275 1191 4329 Schneidewini
1213 4283 1285 4328 certe
1310 4274 1448 4342 explicatio

364 4363 448 4416 multo
465 4364 573 4432 longius
590 4365 696 4417 videtur
713 4379 769 4416 esse
786 4363 906 4430 repetita
