3126 5176
746 433 943 530 *χ*
977 441 979 446 ,

448 620 488 700 εὖ
506 657 568 700 νον
589 631 715 700 ἐπίστω
735 635 844 700 τοῦνὸέ
863 635 896 718 μ’
918 629 1076 721 αἰσχύνην
1099 631 1194 716 ἔχειν,

448 741 499 808 κεί
520 736 564 827 μὴ
586 742 677 807 δοκοῦ
698 759 765 808 σοι·
787 735 953 826 μανθάνω
975 742 1003 807 ά
1025 732 1195 808 ὁθούνεκα

450 847 556 935 ἔξωρα
576 844 716 935 πράσσω
738 839 823 915 κοάκ
844 849 918 934 ἐμοί
938 843 1151 935 προσεικότα.

299 958 453 1024 Similiter
474 958 551 1022 Ant.
574 958 635 1022 742
658 957 763 1022 Creon
779 957 979 1022 Haemonem
995 958 1165 1042 compellet
1178 951 1395 1042 παγκάκιστε,

298 1067 375 1150 quia
395 1065 512 1129 audeat
540 1085 611 1128 oum
643 1075 734 1149 petre
762 1065 860 1129 rixari
890 1057 958 1146 (διὰ
989 1065 1079 1150 δίκης
1108 1057 1171 1129 ἰάν
1198 1067 1331 1150 πατρί),
1363 1075 1400 1130 et

299 1172 415 1237 Traeh.
439 1172 520 1236 1178
541 1171 697 1237 Hercules
718 1171 851 1256 Hyllum
873 1181 983 1236 monet
1004 1195 1044 1236 ne
1069 1172 1275 1237 obliviscatur
1289 1167 1400 1256 νόμον

186 1323 187 1326 =
233 1303 235 1309 ·
298 1273 480 1346 κάλλιστον
502 1301 571 1344 esse
592 1285 791 1365 πειθαρχεῖν
812 1280 923 1364 πατρί.
968 1280 1078 1363 Atque
1092 1289 1128 1343 ut
1142 1301 1289 1344 sermone
1303 1279 1399 1344 liberi

299 1387 452 1452 adversus
468 1397 617 1473 parentes
631 1396 764 1451 utentur
777 1386 933 1468 modesto,
956 1397 1103 1451 monetur
1118 1387 1221 1451 Aeris.
1238 1386 1276 1452 fr.
1291 1388 1341 1452 61.
1354 1388 1400 1451 62

449 1493 539 1582 ῥῆσις
562 1499 699 1581 βραχεῖα
721 1507 793 1570 τοῖς
815 1497 978 1580 φρονοῦσι
999 1488 1158 1580 σώφρονα
1273 1525 1277 1536 ·

449 1597 534 1689 πρὸς
554 1597 634 1679 τοῦς
655 1597 816 1678 τεκόντας
837 1605 893 1668 καὶ
915 1596 1144 1684 φυτεύσαντας
1164 1602 1286 1687 πρέπει

449 1701 559 1787 άλλως
579 1734 616 1776 τε
637 1712 695 1776 καὶ
716 1704 801 1795 κόρῃ
821 1733 859 1775 τε
880 1699 1016 1799 κάρχείᾳ
1037 1710 1142 1794 γένος,

450 1812 501 1894 αῖς
522 1811 647 1902 κόσμος
667 1808 687 1902 ἡ
709 1811 781 1902 σιγή
803 1841 839 1882 τε
861 1819 916 1882 καὶ
938 1811 980 1882 τά
1002 1818 1102 1902 παῦρ’
1125 1815 1246 1902 inoff).

299 1924 414 2011 Neque
435 1925 562 1990 labores
584 1935 616 1990 et
637 1926 781 2011 periculo
801 1947 883 2010 quae
910 1947 968 2010 pro
997 1925 1184 2009 parentibus
1212 1926 1276 1988 sint
1305 1923 1400 1988 sube-

301 2032 396 2116 unda,
431 2032 540 2097 liberis
575 2055 645 2097 esse
677 2032 947 2118 perhorrescenda
977 2033 1107 2096 Ismene
1146 2041 1302 2097 memoret
1337 2031 1401 2097 00

298 2139 360 2204 508
381 2161 428 2225 sq.

365 2287 367 2292 ,
887 2259 960 2324 τοῖς
980 2250 1113 2312 τεκοῦσι
1134 2238 1196 2330 γάρ

450 2342 520 2418 orici*
543 2354 572 2418 et
591 2365 693 2419 πονεῖ
711 2376 772 2438 τις,
795 2354 847 2419 δεῖ
865 2347 978 2419 πόνου
997 2347 1128 2439 μνήμην
1150 2351 1245 2437 ἔχειν.

299 2460 403 2525 Immo
425 2460 543 2526 liberos
565 2471 713 2547 oportere
735 2463 895 2547 patienter
916 2463 1001 2526 ferre
1034 2471 1183 2547 parentes
1212 2461 1399 2546 qualescun-

300 2590 363 2654 que
384 2570 449 2633 sint
473 2569 602 2654 (φέρειν
629 2561 710 2647 τοῦς
738 2561 838 2646 ὄντας
868 2559 1014 2654 εὐμενοῦς
1044 2567 1282 2634 Pseudo-Dem.
1305 2569 1399 2654 epist.

299 2677 329 2760 3,
354 2677 417 2760 10),
439 2676 501 2740 hoo
522 2676 648 2742 videtur
669 2677 843 2762 significari
864 2677 902 2741 fr.
925 2677 1013 2742 ema
1063 2721 1064 2726 κ

450 2775 540 2850 ὅπου
560 2778 622 2870 γάρ
646 2783 678 2849 οἱ
699 2779 865 2867 φύσαντες
886 2776 1053 2870 ἡσσῶνται
1074 2786 1213 2864 τέκνων,

450 2881 514 2956 οῦκ
537 2889 627 2957 ἔστιν
649 2883 734 2978 αῦτη
755 2887 943 2977 σωφρόνων
964 2883 1098 2978 άνδροῦν
1119 2887 1218 2970 πόλις
1240 2915 1247 2956 :

301 3017 496 3082 quemquam
518 2999 631 3063 iisdem
652 2999 760 3063 verbis
781 3001 843 3084 ipsi
865 3009 1015 3084 parentes
1037 3001 1187 3064 videntur
1208 3001 1339 3082 moneri,
1362 3009 1402 3064 ut

300 3103 418 3168 liberos
450 3107 497 3169 ite
529 3105 680 3170 studeant
713 3106 866 3190 educere,
906 3118 943 3172 ut
977 3107 1113 3173 libenter
1144 3109 1221 3194 ipsis
1254 3116 1400 3194 pareunt.

300 3211 425 3276 Eodem
447 3213 515 3276 fere
538 3213 685 3278 Creontis
709 3214 763 3278 illa
784 3213 884 3278 verba
912 3214 1062 3279 videntur
1092 3225 1254 3299 spectare,
1283 3214 1401 3300 quibus

372 3507 404 3571 ⁴⁶)
424 3511 455 3560 Iu
472 3510 523 3561 hoe
540 3511 687 3578 fragmento
705 3529 739 3564 ne
757 3513 784 3564 id
812 3513 918 3579 quidem
944 3513 1118 3565 omittendum
1146 3519 1200 3573 est,
1229 3514 1300 3579 quod
1323 3513 1401 3564 Dori-

303 3611 361 3649 cam
380 3595 454 3648 illem
472 3599 665 3667 βραχυλογίαν
683 3616 752 3666 quae
770 3599 854 3666 ipsius
872 3600 1036 3666 temporibus
1050 3600 1088 3650 ,in
1107 3599 1277 3666 proverbium
1296 3599 1401 3652 abierat

303 3685 381 3746 poeta
392 3682 470 3748 fingit
487 3683 521 3733 in'
534 3685 651 3735 omnium
670 3701 714 3736 ore
737 3685 819 3736 fuisse
838 3685 896 3751 ipse
914 3685 1021 3737 heroice.
1039 3691 1133 3736 aetate.
1179 3685 1279 3736 Eodem
1297 3689 1403 3751 speetat

303 3766 375 3819 Ulix.
395 3769 446 3820 fur.
466 3770 497 3820 ir.
516 3774 563 3820 411

389 3877 391 3882 ¹
453 3855 537 3930 πάντ’
556 3849 652 3921 οἶσθα,
672 3857 755 3913 πάντ’
774 3851 856 3925 ἔλεξα
873 3855 1098 3924 τάντεταλμένα·

453 3945 546 4008 μῦθος
563 3943 618 4011 γὰρ
636 3942 790 4013 Ἀργολιστὶ
808 3943 976 4012 συντέμνειν
992 3944 1100 4014 βραχύς
1119 3943 1252 4010 (Goeoker
1269 3960 1294 4010 p.
1315 3940 1357 4006 19)

304 4040 354 4074 neo
371 4027 459 4078 minus
478 4029 588 4080 fortasse
606 4031 675 4080 Alet.
695 4032 726 4081 fr.
745 4034 778 4082 89

454 4117 558 4183 βραχεῖ
574 4115 649 4190 λόγῳ
666 4119 716 4172 καὶ
735 4117 827 4172 πολλὰ
846 4114 1014 4184 πρόσκειται
1033 4115 1116 4184 σοφά,

305 4197 383 4247 euius
402 4201 553 4265 tragoediae
572 4209 757 4268 argumentum
784 4204 841 4254 veri
866 4201 952 4252 simile
979 4207 1020 4252 est
1046 4202 1128 4253 fuisse
1157 4202 1339 4267 depromptum
1367 4215 1402 4250 ox

234 4327 238 4333 .
297 4283 590 4350 ¹Argivorum'febulis.
