3126 5176
901 469 939 534 18

371 686 498 730 monem
519 666 675 752 paulatim
697 668 853 734 translata
874 679 933 753 eet,
954 671 1001 735 ita
1021 680 1058 736 ut
1079 689 1145 736 non
1167 693 1241 738 raro
1262 675 1304 740 sit
1318 695 1376 760 pro
1392 675 1460 740 cive
1543 735 1544 762 q

375 775 545 859 ambiguae
573 775 705 860 originis
733 775 785 841 vel
814 778 868 862 qui
889 776 931 842 ab
952 779 1053 844 altera
1075 789 1167 864 parte
1189 781 1231 844 sit
1252 781 1355 860 ξένος.
1399 782 1458 846 At·
1543 847 1544 872 p

374 904 436 968 que
458 905 538 967 cum,
561 905 623 970 quo
646 883 779 948 celerius
808 886 934 968 generis
964 887 1157 952 existimatio
1179 888 1400 972 evanescebat,
1422 913 1459 955 eo
1543 931 1544 974 3

373 993 498 1077 saepius
519 991 618 1076 rigidi
639 992 685 1057 illi
706 993 844 1057 civitatis
867 995 1000 1059 cancelli
1021 995 1139 1060 furtive
1160 996 1410 1081 transilirentur,
1439 1021 1460 1062 a
1543 975 1544 1026 l

373 1101 496 1166 Pericle
525 1100 657 1164 tradunt
686 1101 790 1185 legem
813 1123 883 1166 esse
904 1102 1060 1186 perlatam
1080 1104 1132 1169 vel
1153 1106 1385 1185 resuscitatem,
1418 1128 1460 1170 ne
1543 1087 1544 1140 l

371 1211 442 1294 quis
475 1209 612 1274 civitatis
646 1217 731 1273 esset
764 1211 922 1294 particeps
954 1211 1016 1276 nisi
1046 1212 1206 1297 utrimque
1238 1213 1396 1297 ingenuus
1409 1213 1457 1298 ¹¹).

370 1316 479 1381 Nihilo
500 1326 609 1382 tamen
631 1318 734 1380 minus
757 1319 945 1404 insequente
966 1327 1073 1384 aetate
1095 1321 1299 1406 maximeque
1320 1323 1354 1386 in
1375 1322 1456 1387 bello

370 1425 640 1510 Peloponnesiaco
663 1426 768 1510 plures
801 1427 971 1511 pluresque
1000 1447 1135 1512 quorum
1165 1429 1254 1513 origo
1284 1429 1325 1493 ab
1357 1430 1457 1494 altera
1543 1453 1544 1494 l

368 1543 461 1620 parte
481 1555 546 1597 non
568 1543 637 1598 erat
658 1533 802 1618 legitima
823 1535 1035 1618 ingenuorum
1057 1537 1172 1600 civium
1194 1537 1261 1600 ausi
1284 1546 1358 1601 sunt
1373 1537 1456 1603 ferre
1543 1539 1544 1600 ὲ

368 1663 530 1728 personas.
573 1641 707 1727 Semper
728 1652 835 1707 tamen
856 1642 904 1708 his
926 1644 1003 1728 ipsis
1025 1644 1220 1730 temporibus
1243 1645 1455 1710 Athenienses

368 1749 429 1814 sibi
451 1751 593 1815 conscios
617 1749 716 1815 fuisse
739 1749 882 1836 ambigui
904 1751 1067 1816 cuiusdam
1089 1761 1121 1818 ct
1142 1774 1207 1816 non
1222 1753 1356 1837 legitimi
1371 1753 1455 1839 quod

367 1859 486 1924 inesset
506 1861 623 1924 iniusto
643 1859 689 1924 illi
712 1859 850 1923 civitatis
872 1861 993 1943 generi,
1019 1864 1350 1946 praeterquamquod
1373 1864 1454 1928 bello

367 1967 511 2032 confecto
524 1967 577 2032 illa
588 1967 641 2032 lex
652 1967 693 2032 ab
706 1967 938 2052 Aristophonte
949 1966 1054 2032 denuo
1069 1977 1184 2052 rogata
1196 1979 1253 2052 est,
1269 1970 1455 2036 inlustratur
1543 2031 1544 2042 ,

366 2075 525 2140 nonnullis
546 2076 624 2140 locis
646 2074 846 2160 Euripideis:
862 2073 976 2159 quibus
998 2096 1063 2140 non
1077 2077 1182 2142 minus
1198 2099 1293 2162 quam
1309 2078 1453 2142 omnibus

366 2183 435 2247 aliis
457 2204 536 2268 quos
558 2193 647 2268 patet
668 2182 799 2248 tendere
820 2182 861 2247 ad
882 2203 987 2248 mores
1002 2183 1248 2250 Atheniensium
1269 2208 1382 2251 verum
1402 2187 1454 2252 ille

366 2312 441 2354 suae
462 2291 577 2355 aetatis
599 2299 717 2354 statum
747 2288 832 2355 haud
862 2289 958 2353 dubie
986 2291 1146 2374 imitatur,
1174 2295 1361 2376 praesertim
1384 2315 1453 2358 cum

365 2401 399 2462 in
419 2400 490 2483 ipsa
517 2397 627 2461 fabula
653 2419 705 2462 res
727 2396 972 2462 Atheniensium
1004 2407 1151 2482 agantur.
1194 2399 1279 2464 Nam
1301 2399 1371 2466 Ion.
1393 2402 1450 2466 591

365 2529 434 2593 sqq.
456 2506 517 2571 Ion
537 2506 723 2573 adulescens
745 2528 816 2570 cum
831 2515 970 2591 exponat
992 2507 1077 2592 patri
1098 2528 1154 2570 cur
1168 2505 1293 2572 dubitet
1307 2508 1451 2574 Athenas

364 2638 399 2680 se
429 2615 593 2699 conferre,
625 2615 727 2700 primo
759 2614 828 2678 loco
860 2624 1017 2680 memorat
1049 2595 1171 2699 quanta
1198 2616 1289 2706 ξενίᾳ
1317 2629 1394 2681 sua'e
1420 2625 1451 2682 et

363 2725 484 2814 νοθείᾳ
505 2722 590 2809 apud
611 2723 824 2788 Athenienses
845 2723 921 2801 insit
942 2723 1129 2807 ignominia,
1151 2721 1200 2786 his
1221 2723 1327 2788 verbis
1393 2715 1396 2724 ’

512 2830 553 2897 ἵν’
575 2830 775 2916 ἐσπεσοῦμαι
796 2825 857 2896 δύο
879 2823 972 2896 νόοοο
992 2830 1202 2916 κεκτημένος,

511 2933 640 3024 πατρός
660 2939 689 3004 τ’
711 2938 861 3005 ἐπακτοῦ
882 2927 1007 3015 καύτὸς
1020 2928 1078 3024 “div
1098 2931 1285 3024 νοθαγενὴς
1371 2933 1376 2948 ’

511 3049 567 3112 καὶ
587 3048 679 3114 τοῦτ’
702 3045 787 3132 ἐ’χοον
807 3037 980 3123 τοῦνειδος
1002 3098 1229 3112 ........

362 3153 576 3220 Athenienses
598 3164 704 3220 autem
726 3155 803 3242 quid
826 3157 981 3220 sentirent
1001 3153 1041 3220 dc
1062 3154 1217 3219 eiusmodi
1237 3139 1448 3219 matrimoniis

362 3263 447 3328 haud
467 3264 601 3328 inscium
623 3286 692 3328 sese
713 3263 906 3346 ostenderat,
930 3285 1000 3327 cum
1024 3263 1163 3328 Creusae
1192 3251 1359 3346 coniugem
1381 3283 1450 3327 esse
1513 3261 1518 3271 '

362 3370 452 3455 (290)
1207 3379 1210 3386 '

510 3469 574 3544 οὐκ
594 3468 707 3560 οἰστὸν,
729 3468 800 3544 dtt’
822 3471 971 3544 ἐπακτὸν
992 3477 1028 3559 ἐξ
1049 3468 1148 3563 ἄλλης
1167 3471 1296 3562 χθονός

360 3585 454 3650 valde
475 3587 607 3650 miratus
629 3588 841 3670 interrogaret
864 3587 953 3670 (293)

506 3695 563 3759 καὶ
584 3697 657 3770 πῶς
678 3694 771 3774 ξένος
793 3695 821 3760 o'
846 3684 895 3759 dv
917 3691 1010 3778 ἔσχεν
1033 3679 1137 3759 οὖσαν
1158 3691 1273 3779 ἐγγενῆ
1280 3719 1292 3772 ;

358 3800 623 3866 Luculentissime
645 3811 752 3868 autem
780 3803 814 3866 in
837 3802 1081 3868 Atheniensium
1111 3800 1275 3886 republica
1282 3851 1304 3885 ,.
1321 3801 1349 3866 si
1377 3802 1448 3887 quis
1543 3829 1544 3872 t

425 4097 457 4164 ¹¹)
476 4099 545 4150 Satis
563 4099 659 4150 mirum
677 4115 732 4151 esse
750 4098 853 4166 imperii
878 4097 1017 4165 popularis
1044 4098 1157 4150 alterum
1183 4098 1260 4164 quasi
1286 4099 1447 4152 conditorem

356 4200 387 4236 oc
405 4185 538 4236 vindicem
554 4185 582 4236 in
600 4186 651 4236 hac
671 4202 699 4236 re
718 4191 773 4236 tem
792 4185 896 4236 fortiter
917 4185 1089 4251 popularibus
1115 4185 1209 4238 studiis
1233 4185 1352 4238 offecisse
1369 4201 1445 4237 nemo

355 4271 464 4337 negabit
482 4289 488 4321 :
506 4277 535 4322 at
551 4287 637 4337 neque
655 4271 687 4322 de
704 4270 859 4322 Philochori
877 4269 930 4321 fide
947 4270 1011 4322 licet
1028 4271 1149 4324 dubitare
1168 4288 1253 4338 nsque
1271 4271 1445 4323 inDunckeri

357 4355 448 4426 (Sitzb.
467 4355 568 4408 Preuls.
582 4357 631 4408 Ak.
653 4359 726 4418 1883,
746 4358 795 4408 935
809 4356 876 4424 sqq.)
897 4357 1073 4424 explicatione
1090 4358 1260 4424 acquiescere
1279 4372 1427 4425 possumus.
