3126 5176
651 485 691 552 ta

575 575 773 582 ———-—--

128 699 284 776 quantum
306 690 437 754 intersit
458 691 541 753 inter
561 685 742 772 filios'patri
757 685 943 754 obedientes
962 697 995 752 et
1008 686 1224 768 immodestos,

128 797 289 863 Haemoni
312 799 422 862 studet
445 796 637 882 persuadere
659 797 759 880 (Ans
773 795 835 860 639
856 797 941 881 sqq.)

279 896 370 971 οὕτω
392 899 464 990 γὰρ,
488 888 516 969 ὦ
537 917 608 983 παῖ,
628 897 691 989 χρὴ
713 897 767 968 διὰ
788 904 936 988 στέρνων
958 900 1055 986 ἔχειν,
1137 939 1141 949 ·

278 1008 409 1100 γνώμης
428 1006 568 1097 κατῴας
588 1006 687 1077 πάντ’
709 1003 855 1076 ὄπισθεν
875 1003 1018 1076 ἑστάναι.

277 1114 403 1186 τούτου
423 1113 486 1205 γὰρ
509 1111 618 1184 οὕνεκ’
640 1110 758 1205 ἄνδρες
780 1109 936 1201 εὔχονται
956 1111 1056 1202 γονὰς

278 1222 464 1314 κατηκόους
485 1222 651 1309 φύσαντες
672 1225 710 1291 ἐν
731 1220 847 1310 δόμοις
870 1223 967 1308 ἔχειν,

280 1326 326 1412 ὡς
347 1337 402 1400 καὶ
423 1329 485 1400 τὸν
507 1328 633 1420 ἐχθρὸν
654 1324 910 1418 ἀνταμύνωνται
931 1347 1047 1409 κακοῖς

281 1445 337 1508 καὶ
358 1436 421 1508 τὸν
441 1439 542 1524 φίλον
561 1447 702 1525 τιμῶσιν
723 1441 758 1521 ἐξ
779 1440 853 1506 ἴσον
873 1442 985 1525 πατρί.

283 1542 376 1626 ὅστις
394 1550 422 1614 d'
445 1539 643 1635 ἀνωφέλητα
665 1543 776 1631 φιτύει
797 1548 908 1626 τέκνα,

281 1659 314 1722 τί
335 1652 426 1722 τόνδ’
448 1647 491 1722 ἂν
512 1656 619 1732 εἲιιοις
640 1647 723 1722 ἄλλο
744 1650 833 1742 πλὴν
854 1647 948 1740 αὑτῷ
968 1649 1096 1732 πόνους

283 1768 395 1846 φῦσαι,
416 1757 529 1829 τολὺν
550 1764 585 1829 δὲ
607 1777 715 1830 τοισιν
736 1763 909 1849 ἐχθροῖσιν
928 1763 1037 1848 γέλων
1044 1788 1056 1841 ,·
1078 1809 1081 1815 -

132 1871 243 1955 Atque
265 1871 419 1935 eiusmodi
437 1873 604 1936 sententiis
620 1893 657 1935 eo
672 1871 869 1956 probabilius
884 1880 934 1936 est
948 1877 1076 1956 poetam
1091 1869 1228 1932 voluisse

132 1978 175 2044 ad
196 1980 282 2062 ipsos
304 1981 390 2044 cives
412 2001 486 2043 suos
507 2003 542 2044 se
563 1989 759 2063 convertere,
782 1980 867 2065 quod
889 1979 1102 2063 sophistarum
1124 1977 1227 2062 perni-

135 2087 229 2150 ciosis
251 2086 362 2150 studiis
385 2088 503 2152 scimus
524 2087 645 2151 factum
667 2109 753 2167 esse,
785 2098 820 2150 ut
848 2088 1027 2172 parentium
1049 2083 1230 2149 reverentia

133 2193 284 2279 paulatim
307 2196 462 2280 inciperet
490 2195 622 2260 minoris
651 2197 813 2259 aestimari
844 2194 898 2278 (cf.
921 2193 1006 2258 Xen.
1029 2193 1126 2258 Mem.
1147 2192 1177 2274 3,
1199 2191 1228 2274 5,

135 2301 185 2366 15.
229 2302 363 2366 Ariston
384 2325 434 2388 ap.
458 2302 548 2369 Stob.
572 2303 622 2386 79,
643 2303 693 2366 44.
736 2302 961 2386 Naegelsbach
981 2301 1105 2366 Nachh.
1118 2300 1229 2366 Theol.

134 2431 166 2494 p.
189 2409 250 2474 278
272 2409 345 2495 sq.).
806 2443 809 2448 ·

219 2517 329 2599 Atque
351 2527 519 2602 exemptus
542 2529 611 2582 erat
632 2518 672 2583 de
693 2520 873 2604 parentium
896 2539 987 2601 cura,
1017 2519 1043 2581 si
1065 2519 1153 2581 cuius
1174 2517 1231 2581 filii

135 2622 276 2688 liberalis
306 2624 451 2688 educatio
481 2625 523 2689 ab
554 2626 615 2690 illis
644 2637 713 2692 erat
744 2627 901 2710 neglecta.
954 2626 1068 2710 Itaque
1097 2624 1232 2689 Athenis

135 2751 329 2817 quamquam
352 2734 483 2798 minime
505 2733 832 2800 Lacedaemoniorum
864 2757 953 2799 mors
974 2755 1084 2798 omnes
1106 2733 1232 2819 publice

135 2837 364 2922 educabantur,
387 2850 504 2922 tamen,
527 2862 599 2904 cum
621 2843 670 2905 sui
691 2843 833 2927 ipsorum
849 2843 954 2926 gratia
967 2850 1116 2926 parentes
1138 2862 1230 2924 coge·

134 2955 248 3011 rentur
270 2947 446 3012 liberaliter
465 2948 547 3013 filios
570 2949 714 3032 educare,
737 2958 772 3013 ut
794 2971 868 3013 suos
890 2951 1025 3035 quisque
1038 2949 1120 3012 filios
1136 2970 1232 3032 quam

136 3055 256 3137 optime
277 3066 403 3119 curaret
424 3055 634 3139 erudiendos,
664 3056 792 3140 publice
823 3066 891 3121 erat
912 3066 1039 3122 cautum
1062 3056 1117 3140 (cf.
1140 3056 1233 3120 Plato

137 3159 216 3226 Crit.
232 3161 274 3226 50
288 3161 345 3244 D).
390 3162 558 3226 Eiusmodi
578 3172 686 3227 autem
708 3163 843 3228 eruditio
865 3185 930 3227 non
951 3163 1046 3228 modo
1067 3163 1109 3228 ab
1131 3163 1232 3256 heroi-

138 3289 196 3332 cae
215 3269 330 3332 aetatis
354 3268 461 3334 indole
482 3270 578 3354 plane
599 3265 704 3334 aliena
725 3281 790 3354 est,
820 3269 877 3334 sed
898 3271 1036 3336 Athenis
1066 3269 1106 3334 de
1134 3270 1233 3334 subti-

108 3373 217 3454 ,liore
245 3376 362 3439 mentis
393 3375 571 3440 eruditione
600 3398 665 3440 non
695 3379 784 3462 prius
810 3387 938 3462 poterat
966 3379 1101 3462 cogitari
1138 3399 1233 3462 quam

137 3480 354 3566 sophistarum
376 3482 522 3548 doctrina
541 3486 637 3548 latius
659 3495 706 3550 est
727 3495 915 3570 propagata.
967 3485 1082 3570 Itaque
1109 3485 1184 3550 inde
1215 3508 1235 3549 a

138 3587 283 3654 Periclea
303 3591 443 3654 maxime
464 3601 571 3655 aetate
594 3593 620 3654 si
643 3593 713 3677 quis
735 3613 890 3656 summam
917 3594 1069 3657 virtutem
1092 3592 1249 3657 studeret.

137 3695 289 3781 adsequi,
332 3707 460 3782 praeter
493 3698 611 3762 bonam
641 3699 782 3763 indolem
814 3700 843 3762 e'i
875 3720 954 3783 opus
986 3721 1055 3763 esse
1086 3708 1236 3763 accurata

137 3803 254 3868 mentis
284 3805 461 3870 eruditione
491 3807 631 3890 optimus
661 3807 797 3890 quisque
826 3807 942 3870 civium
972 3806 1033 3870 sibi
1063 3816 1132 3870 erat
1160 3827 1233 3869 con·

139 3911 233 3974 scius.
275 3911 415 3976 Tantum
444 3921 552 3978 autem
581 3911 710 3996 aberat,
740 3923 776 3976 ut
806 3933 884 3997 prae
913 3914 1029 3978 mentis
1058 3912 1236 3977 eruditione

144 4019 286 4102 corporis
309 4041 385 4083 cura
405 4019 641 4103 neglegeretur,
662 4029 698 4083 ut
719 4029 830 4083 contra
856 4020 975 4085 virtute
1001 4019 1115 4084 bellica
1136 4019 1235 4084 Athe·

139 4127 267 4188 nienses
289 4125 377 4189 nulla
398 4123 556 4192 Graeciae
577 4127 708 4191 natione
729 4127 843 4191 merito
865 4127 1079 4211 gloriarentur
1109 4149 1143 4190 se
1165 4147 1236 4190 csse

139 4231 317 4295 inferiores.
369 4229 443 4309 Qua
475 4233 515 4297 de
544 4257 579 4298 rc
608 4234 726 4300 elatum
753 4235 855 4318 spirat
882 4236 1024 4298 animum
1053 4234 1237 4318 praeclarae

139 4338 223 4402 illius
244 4337 437 4404 laudationis
459 4339 602 4405 funebris
625 4363 664 4405 sa
685 4362 760 4426 pars
782 4363 846 4426 qua
860 4342 1000 4406 Pericles
1022 4363 1098 4406 suae
1113 4341 1236 4426 patrias
