3126 5176
872 448 914 512 78

342 648 488 714 omnibus
509 649 705 735 temporibus
733 671 805 713 eum
836 649 988 713 celebrati
1017 659 1110 713 erant
1139 648 1180 712 ob
1211 650 1376 734 egregium
1404 649 1435 713 in

341 767 412 822 arte
432 759 599 840 sagittaria
620 757 820 822 habilitatem
840 766 909 821 tum
931 751 1047 820 famo'si
1077 755 1119 819 ob
1148 775 1254 820 morea
1276 755 1436 840 improbos

340 874 552 949 naturamque
573 863 720 930 fallacem
741 864 797 946 (cf.
819 863 871 928 Αἱ.
896 863 1000 945 1295).
1046 861 1162 947 Itaque
1190 883 1262 926 oum
1284 872 1317 927 et
1338 863 1435 946 sagit-

341 973 414 1036 tarii
435 981 469 1036 et
490 973 665 1057 contempti
686 980 803 1054 essent,
825 970 979 1054 paulatim
1000 970 1122 1034 factum
1145 978 1204 1052 est,
1227 979 1263 1034 ut
1277 978 1436 1054 contomp-

341 1089 393 1144 tue
414 1081 448 1144 in
477 1081 580 1164 ipsam
609 1087 711 1144 artem
741 1079 942 1162 sagittarium
972 1079 1208 1142 transterretur.
1261 1075 1333 1156 Quo
1365 1098 1437 1141 con·

341 1195 465 1272 tempta
486 1195 611 1252 tantum
634 1207 818 1271 processum
839 1194 898 1268 eat,
920 1193 957 1250 ut
978 1206 1043 1250 vex
1065 1179 1205 1271 τοξότης
1233 1186 1267 1249 in
1288 1183 1434 1249 maledic·

341 1305 410 1360 tum
431 1315 560 1378 prorsus
581 1293 729 1362 videatur
754 1292 880 1357 abiisse.
934 1292 1109 1377 Sophocles
1140 1293 1240 1376 igitur
1267 1291 1354 1378 quod
1385 1293 1436 1360 Αἰ.

341 1402 424 1466 1120
444 1421 514 1487 sqq.
545 1402 592 1466 sic
620 1401 697 1466 iacit
726 1401 908 1466 Menelaum
940 1409 973 1465 et
1004 1399 1164 1466 Teucrum
1185 1402 1268 1465 inter
1288 1422 1323 1465 se
1344 1401 1436 1466 alter·

341 1519 450 1575 cantes

439 1620 514 1682 Mu.
557 1607 577 1682 ό
605 1610 785 1702 τοξότης
816 1613 926 1683 ἔοικεν
949 1606 991 1682 ou'
1014 1610 1153 1702 σμικρόν
1174 1629 1321 1702 φρονεῖν.

443 1727 535 1789 ΤΕῩ.
579 1713 620 1789 cri
640 1717 703 1808 γὰρ
723 1717 893 1804 βάναυσον
913 1717 975 1809 τὴν
995 1724 1115 1810 τέχνην
1135 1717 1330 1810 ἐκτησάμην.

439 1834 514 1896 ΜΕ.
557 1830 628 1914 μέγ’
650 1821 692 1896 όν
711 1854 744 1896 τι
765 1824 979 1914 capadociae,
1001 1820 1143 1897 ἀσπίδ’
1165 1824 1338 1911 allidere.

443 1941 536 2003 Tur.
578 1929 643 2002 xilv
662 1931 787 2022 ψιλός
808 1927 981 2024 ἅρπέσαιμι
1001 1940 1055 2005 σοί
1075 1940 1104 2023 γ’
1126 1929 1388 2024 ὡπλισμένῳ,

340 2045 427 2110 illam
448 2067 530 2130 quae
551 2065 609 2110 sua
630 2055 737 2110 aetate
766 2046 1015 2130 percrebruerat
1036 2046 1077 2110 de
1107 2033 1282 2130 sagittariis
1308 2055 1436 2110 senten·

340 2154 418 2217 tiam
440 2152 566 2218 videtur
588 2162 741 2236 repetere.
787 2153 938 2218 Ceterum
969 2161 1195 2239 praeterquam
1227 2152 1331 2238 quod,
1359 2151 1437 2237 quid

339 2259 499 2344 significet
518 2253 677 2345 τοξότης,
709 2261 864 2344 oppositis
894 2261 1107 2326 locutionibus
1136 2250 1247 2326 ἀσπίδ’
1269 2258 1298 2325 εἰ
1320 2253 1437 2339 λάβοις

341 2367 395 2450 (ci.
419 2390 501 2453 quae
523 2390 620 2453 supra
641 2367 708 2432 dixi
731 2366 771 2432 de
793 2367 853 2435 00
878 2368 970 2451 1524)
994 2377 1026 2432 et
1049 2361 1171 2454 [pride]
1185 2405 1221 2414 —
1237 2357 1437 2452 ὡπλισμένῳ

339 2475 417 2539 satis
450 2476 534 2540 clare
572 2475 749 2559 indicetur,
783 2485 999 2565 contemptus„
1017 2475 1071 2559 qui
1105 2477 1138 2538 in
1169 2475 1224 2540 illa
1255 2495 1335 2538 voce
1367 2483 1438 2538 erat

339 2583 462 2666 positus
497 2605 533 2647 eu
566 2583 693 2648 videtur
724 2583 878 2648 adauctus
909 2605 979 2647 esse
1010 2582 1095 2667 quod
1127 2585 1279 2662 τοξοτῶν
1310 2582 1438 2646 illorum

341 2691 392 2755 vel
413 2693 566 2756 Σκυθῶν
588 2690 682 2756 facile
713 2689 946 2775 spectatoribus
976 2689 1128 2754 veniebat
1157 2691 1190 2753 in
1212 2699 1353 2754 mentem
1380 2689 1437 2773 qui

343 2798 427 2862 servi
448 2796 575 2881 publice
595 2795 764 2862 alebantur
791 2795 833 2861 ad
862 2796 1062 2881 disciplinam
1091 2798 1125 2860 in
1154 2796 1234 2862 urbe
1255 2795 1437 2861 custodien-

339 2903 423 2968 dam
465 2903 613 2970 Hernicis
627 2913 734 2969 autem
749 2904 945 2989 temporibus
960 2905 1091 2968 minime
1106 2913 1322 2989 contemptam
1335 2903 1438 2968 fuisse

312 3006 316 3091 l
339 3020 442 3076 artem
462 3012 664 3095 sagittarium
686 3033 727 3076 ex
740 3010 873 3077 Homeri
889 3010 1081 3076 carminibus
1096 3012 1273 3077 luculenter
1290 3019 1437 3096 apparet.

339 3117 425 3184 Nam
445 3139 511 3182 non
532 3118 627 3182 modo
649 3117 726 3183 deos
759 3128 795 3183 ut
815 3119 1016 3205 Apollinem,
1046 3141 1141 3204 quem
1162 3119 1342 3204 praesidem
1364 3139 1437 3182 ease

338 3227 424 3290 artis,
438 3226 625 3309 sagittariae
647 3247 688 3290 ex
709 3225 817 3290 multis
840 3228 907 3293 eius
929 3228 1172 3310 cognominibus
1203 3228 1282 3292 satis
1311 3225 1435 3290 intelle·

339 3334 435 3416 gitur,
458 3343 490 3398 et
512 3332 662 3415 Dianam,
684 3333 860 3419 heroesque
882 3343 917 3398 ut
931 3333 1102 3399 Herculem
1114 3333 1293 3398 Merionem
1309 3333 1435 3398 Philoc-

339 3449 439 3504 tetam
460 3439 629 3522 Teucrnm,
653 3441 821 3506 sedetiam
843 3442 986 3525 singulas
1001 3441 1159 3507 Graeciae
1179 3451 1292 3526 gentes
1314 3451 1350 3505 ut
1370 3440 1435 3505 Lc-

339 3568 419 3630 oros,
442 3547 558 3632 quibus
579 3559 707 3633 praeest
729 3550 816 3614 Aiax
838 3551 951 3631 minor,
973 3550 1107 3614 comites
1120 3549 1330 3630 Philoctetae,
1353 3548 1434 3613 Pae-

339 3655 429 3718 onies
458 3654 601 3720 videmus
629 3665 732 3721 artem
761 3657 963 3740 sagittarium
992 3657 1121 3741 proprie
1148 3665 1335 3722 exercentes
1363 3656 1436 3720 sine

338 3762 402 3828 ullo
424 3771 618 3848 contemptu,
651 3785 756 3849 neque
778 3786 819 3828 ex
840 3773 1019 3829 ceterorum
1040 3764 1173 3829 heroum
1193 3782 1325 3829 numero
1347 3765 1434 3848 quis-

339 3889 435 3953 quam
456 3879 586 3934 vsretur
606 3871 772 3936 occasione
795 3870 903 3936 oblata
923 3872 1049 3937 bostem
1070 3873 1198 3956 sagittis
1219 3893 1358 3936 vexare:
1381 3871 1435 3935 oui

339 3975 509 4042 dummodo
531 3986 692 4056 noceatur,
716 3999 810 4042 omne
831 3978 966 4043 telorum
981 3999 1083 4062 genus
1097 3977 1232 4043 habetur
1251 3977 1432 4044 honestum.

337 4081 453 4168 Neque
478 4083 564 4168 apud
585 4083 776 4168 Sophoclem
805 4083 920 4149 desunt
947 4085 1009 4149 loci
1037 4085 1153 4169 quibua
1183 4084 1224 4150 ad
1254 4084 1434 4150 Homerum

338 4212 374 4254 ae
393 4190 556 4276 adplicat:
578 4189 660 4256 Phil.
682 4193 768 4256 enim
787 4192 869 4257 1056
883 4212 953 4276 sqq.
976 4191 1108 4258 Ulixem
1129 4201 1163 4256 et
1182 4191 1299 4257 Teucri
1320 4202 1352 4257 et
1374 4215 1434 4258 sua

337 4297 436 4384 ipsius
458 4307 528 4363 arte
548 4299 716 4381 sagittaria
737 4299 816 4363 facit
837 4299 1082 4384 superbientem,
1105 4299 1317 4385 Herculisque
1338 4301 1372 4364 in
1393 4322 1433 4366 ea

1550 3379 1555 3662 l
