<?xml version="1.0" encoding="UTF-8"?>
<!DOCTYPE html PUBLIC "-//W3C//DTD XHTML 1.0 Transitional//EN"
    "http://www.w3.org/TR/xhtml1/DTD/xhtml1-transitional.dtd">
<html xmlns="http://www.w3.org/1999/xhtml" xml:lang="en" lang="en">
 <head>
  <title>
</title>
<meta http-equiv="Content-Type" content="text/html;charset=utf-8" />
  <meta name='ocr-system' content='tesseract 3.04.00' />
  <meta name='ocr-capabilities' content='ocr_page ocr_carea ocr_par ocr_line ocrx_word'/>
</head>
<body>
  <div class='ocr_page' id='page_1' title='image "./sophoclesquemad00beckgoog_0064.png"; bbox 0 0 3126 5176; ppageno 0'>
   <div class='ocr_carea' id='block_1_1' title="bbox 579 427 851 528">
    <p class='ocr_par' dir='ltr' id='par_1_1' title="bbox 579 427 851 528">
     <span class='ocr_line' id='line_1_1' title="bbox 579 427 851 528; baseline -0.004 -49"><span class='ocrx_word' id='word_1_1' title='bbox 579 427 776 528; x_wconf 47' lang='lat'>-—5&#39;{-</span> <span class='ocrx_word' id='word_1_2' title='bbox 846 471 851 478; x_wconf 93' lang='lat'>.</span> 
     </span>
    </p>
   </div>
   <div class='ocr_carea' id='block_1_2' title="bbox 131 621 1220 1042">
    <p class='ocr_par' dir='ltr' id='par_1_2' title="bbox 131 621 1220 1042">
     <span class='ocr_line' id='line_1_2' title="bbox 132 621 1218 714; baseline -0.004 -16"><span class='ocrx_word' id='word_1_3' title='bbox 132 630 347 698; x_wconf 77' lang='lat' dir='ltr'>Athenienses</span> <span class='ocrx_word' id='word_1_4' title='bbox 368 621 500 696; x_wconf 82' lang='lat' dir='ltr'>iudiciis</span> <span class='ocrx_word' id='word_1_5' title='bbox 514 653 554 694; x_wconf 88' lang='lat' dir='ltr'>cx</span> <span class='ocrx_word' id='word_1_6' title='bbox 572 631 652 714; x_wconf 89' lang='lat' dir='ltr'>ipsis</span> <span class='ocrx_word' id='word_1_7' title='bbox 674 623 735 693; x_wconf 89' lang='lat' dir='ltr'>illis</span> <span class='ocrx_word' id='word_1_8' title='bbox 757 627 874 693; x_wconf 82' lang='lat' dir='ltr'>Thesei</span> <span class='ocrx_word' id='word_1_9' title='bbox 894 625 1001 690; x_wconf 88' lang='lat' dir='ltr'>verbis</span> <span class='ocrx_word' id='word_1_10' title='bbox 1023 625 1137 711; x_wconf 88' lang='lat' dir='ltr'>quibus</span> <span class='ocrx_word' id='word_1_11' title='bbox 1158 625 1218 694; x_wconf 79' lang='lat' dir='ltr'>&#39;OC</span> 
     </span>
     <span class='ocr_line' id='line_1_3' title="bbox 131 736 1219 827; baseline -0.008 -20"><span class='ocrx_word' id='word_1_12' title='bbox 131 743 196 807; x_wconf 83' lang='lat'>594</span> <span class='ocrx_word' id='word_1_13' title='bbox 217 741 385 827; x_wconf 86' lang='lat' dir='ltr'>profitetur</span> <span class='ocrx_word' id='word_1_14' title='bbox 405 759 568 824; x_wconf 90' lang='lat' dir='ltr'>nunquam</span> <span class='ocrx_word' id='word_1_15' title='bbox 591 759 635 820; x_wconf 87' lang='lat' dir='ltr'>se,</span> <span class='ocrx_word' id='word_1_16' title='bbox 657 739 676 801; x_wconf 91' lang='lat' dir='ltr'>i.</span> <span class='ocrx_word' id='word_1_17' title='bbox 700 760 726 801; x_wconf 89' lang='lat' dir='ltr'>e.</span> <span class='ocrx_word' id='word_1_18' title='bbox 749 736 972 818; x_wconf 84' lang='lat' dir='ltr'>Athenienses,</span> <span class='ocrx_word' id='word_1_19' title='bbox 995 757 1091 799; x_wconf 88' lang='lat' dir='ltr'>causa</span> <span class='ocrx_word' id='word_1_20' title='bbox 1111 737 1219 818; x_wconf 84' lang='lat' dir='ltr'>incog-</span> 
     </span>
     <span class='ocr_line' id='line_1_4' title="bbox 132 840 1220 934; baseline -0.005 -21"><span class='ocrx_word' id='word_1_21' title='bbox 132 851 202 914; x_wconf 80' lang='lat' dir='ltr'>nita</span> <span class='ocrx_word' id='word_1_22' title='bbox 230 840 324 931; x_wconf 77' lang='grc' dir='ltr'><strong><em>(ἄνευ</em></strong></span> <span class='ocrx_word' id='word_1_23' title='bbox 352 842 509 934; x_wconf 82' lang='grc' dir='ltr'>γνώμης)“</span> <span class='ocrx_word' id='word_1_24' title='bbox 533 847 689 926; x_wconf 82' lang='lat' dir='ltr'>iudicare,</span> <span class='ocrx_word' id='word_1_25' title='bbox 720 845 847 909; x_wconf 85' lang='lat' dir='ltr'>videtur</span> <span class='ocrx_word' id='word_1_26' title='bbox 876 845 1013 927; x_wconf 85' lang='lat' dir='ltr'>elucere,</span> <span class='ocrx_word' id='word_1_27' title='bbox 1044 843 1220 929; x_wconf 85' lang='lat' dir='ltr'>complures</span> 
     </span>
     <span class='ocr_line' id='line_1_5' title="bbox 132 952 1219 1042; baseline -0.006 -21"><span class='ocrx_word' id='word_1_28' title='bbox 132 957 227 1042; x_wconf 88' lang='lat' dir='ltr'>apud·</span> <span class='ocrx_word' id='word_1_29' title='bbox 242 957 431 1042; x_wconf 80' lang='lat' dir='ltr'>Sophoclem</span> <span class='ocrx_word' id='word_1_30' title='bbox 454 956 659 1020; x_wconf 86' lang='lat' dir='ltr'>inveniuntur</span> <span class='ocrx_word' id='word_1_31' title='bbox 680 955 853 1018; x_wconf 88' lang='lat' dir='ltr'>locutiones</span> <span class='ocrx_word' id='word_1_32' title='bbox 875 975 895 1017; x_wconf 93' lang='lat' dir='ltr'>a</span> <span class='ocrx_word' id='word_1_33' title='bbox 916 973 1062 1018; x_wconf 87' lang='lat' dir='ltr'>sermone</span> <span class='ocrx_word' id='word_1_34' title='bbox 1082 952 1219 1017; x_wconf 90' lang='lat' dir='ltr'>iudiciali</span> 
     </span>
    </p>
   </div>
   <div class='ocr_carea' id='block_1_3' title="bbox 15 1061 1240 1147">
    <p class='ocr_par' dir='ltr' id='par_1_3' title="bbox 15 1061 1240 1147">
     <span class='ocr_line' id='line_1_6' title="bbox 15 1061 1240 1147; baseline -0.008 -16"><span class='ocrx_word' id='word_1_35' title='bbox 15 1103 16 1110; x_wconf 68' lang='lat'>.</span> <span class='ocrx_word' id='word_1_36' title='bbox 132 1065 379 1130; x_wconf 84' lang='lat' dir='ltr'>Atheniensium</span> <span class='ocrx_word' id='word_1_37' title='bbox 409 1063 493 1128; x_wconf 89' lang='lat' dir='ltr'>haud</span> <span class='ocrx_word' id='word_1_38' title='bbox 524 1061 619 1127; x_wconf 90' lang='lat' dir='ltr'>dubia</span> <span class='ocrx_word' id='word_1_39' title='bbox 647 1063 818 1147; x_wconf 83' lang='lat' dir='ltr'>repetitae,</span> <span class='ocrx_word' id='word_1_40' title='bbox 850 1081 983 1146; x_wconf 87' lang='lat' dir='ltr'>quarum</span> <span class='ocrx_word' id='word_1_41' title='bbox 1010 1080 1119 1142; x_wconf 90' lang='lat' dir='ltr'>usum,</span> <span class='ocrx_word' id='word_1_42' title='bbox 1148 1081 1240 1122; x_wconf 68' lang='lat' dir='ltr'>oum,</span> 
     </span>
    </p>
   </div>
   <div class='ocr_carea' id='block_1_4' title="bbox 131 1167 1220 1581">
    <p class='ocr_par' dir='ltr' id='par_1_4' title="bbox 133 1167 1220 1256">
     <span class='ocr_line' id='line_1_7' title="bbox 133 1167 1220 1256; baseline -0.006 -20"><span class='ocrx_word' id='word_1_43' title='bbox 133 1174 206 1256; x_wconf 89' lang='lat' dir='ltr'>ipsa</span> <span class='ocrx_word' id='word_1_44' title='bbox 238 1171 355 1236; x_wconf 85' lang='lat' dir='ltr'>iudicia</span> <span class='ocrx_word' id='word_1_45' title='bbox 387 1169 514 1235; x_wconf 84' lang='lat' dir='ltr'>heroica</span> <span class='ocrx_word' id='word_1_46' title='bbox 545 1180 650 1241; x_wconf 86' lang='lat' dir='ltr'>aetate</span> <span class='ocrx_word' id='word_1_47' title='bbox 681 1169 820 1233; x_wconf 91' lang='lat' dir='ltr'>nondum</span> <span class='ocrx_word' id='word_1_48' title='bbox 854 1178 960 1232; x_wconf 84' lang='lat' dir='ltr'>essent</span> <span class='ocrx_word' id='word_1_49' title='bbox 991 1168 1136 1250; x_wconf 87' lang='lat' dir='ltr'>exculta,</span> <span class='ocrx_word' id='word_1_50' title='bbox 1178 1167 1220 1231; x_wconf 90' lang='lat' dir='ltr'>ab</span> 
     </span>
    </p>

    <p class='ocr_par' dir='ltr' id='par_1_5' title="bbox 131 1263 1220 1365">
     <span class='ocr_line' id='line_1_8' title="bbox 131 1263 1220 1365; baseline -0.005 -20"><span class='ocrx_word' id='word_1_51' title='bbox 131 1281 268 1345; x_wconf 88' lang='lat' dir='ltr'>Homeri</span> <span class='ocrx_word' id='word_1_52' title='bbox 289 1279 439 1365; x_wconf 83' lang='lat' dir='ltr'>loquendi</span> <span class='ocrx_word' id='word_1_53' title='bbox 460 1301 519 1342; x_wconf 91' lang='lat' dir='ltr'>usu</span> <span class='ocrx_word' id='word_1_54' title='bbox 540 1263 671 1343; x_wconf 83' lang='lat' dir='ltr'>necesse</span> <span class='ocrx_word' id='word_1_55' title='bbox 697 1287 766 1342; x_wconf 88' lang='lat' dir='ltr'>erat</span> <span class='ocrx_word' id='word_1_56' title='bbox 794 1286 849 1340; x_wconf 89' lang='lat' dir='ltr'>aut</span> <span class='ocrx_word' id='word_1_57' title='bbox 875 1297 1004 1362; x_wconf 87' lang='lat' dir='ltr'>prorsus</span> <span class='ocrx_word' id='word_1_58' title='bbox 1025 1276 1129 1340; x_wconf 88' lang='lat' dir='ltr'>aliena</span> <span class='ocrx_word' id='word_1_59' title='bbox 1142 1297 1220 1340; x_wconf 87' lang='lat' dir='ltr'>esse</span> 
     </span>
    </p>

    <p class='ocr_par' dir='ltr' id='par_1_6' title="bbox 132 1383 1219 1581">
     <span class='ocr_line' id='line_1_9' title="bbox 132 1383 1163 1474; baseline -0.005 -22"><span class='ocrx_word' id='word_1_60' title='bbox 132 1397 191 1452; x_wconf 90' lang='lat' dir='ltr'>aut</span> <span class='ocrx_word' id='word_1_61' title='bbox 210 1388 321 1474; x_wconf 89' lang='lat' dir='ltr'>procul</span> <span class='ocrx_word' id='word_1_62' title='bbox 341 1385 499 1452; x_wconf 85' lang='lat' dir='ltr'>recedere.</span> <span class='ocrx_word' id='word_1_63' title='bbox 543 1385 631 1465; x_wconf 80' lang='lat' dir='ltr'>Quas</span> <span class='ocrx_word' id='word_1_64' title='bbox 652 1387 716 1450; x_wconf 91' lang='lat' dir='ltr'>iam</span> <span class='ocrx_word' id='word_1_65' title='bbox 739 1385 878 1449; x_wconf 85' lang='lat' dir='ltr'>breviter</span> <span class='ocrx_word' id='word_1_66' title='bbox 897 1383 1099 1449; x_wconf 82' lang='lat' dir='ltr'>enumerabo.</span> <span class='ocrx_word' id='word_1_67' title='bbox 1160 1413 1163 1418; x_wconf 92' lang='lat'>·</span> 
     </span>
     <span class='ocr_line' id='line_1_10' title="bbox 216 1493 1219 1581; baseline -0.004 -21"><span class='ocrx_word' id='word_1_68' title='bbox 216 1493 392 1580; x_wconf 84' lang='grc' dir='ltr'><strong><em>ἐλεγχος</em></strong></span> <span class='ocrx_word' id='word_1_69' title='bbox 420 1517 491 1560; x_wconf 92' lang='lat' dir='ltr'>cum</span> <span class='ocrx_word' id='word_1_70' title='bbox 512 1495 595 1581; x_wconf 89' lang='lat' dir='ltr'>apud</span> <span class='ocrx_word' id='word_1_71' title='bbox 618 1493 793 1558; x_wconf 89' lang='lat' dir='ltr'>Homerum</span> <span class='ocrx_word' id='word_1_72' title='bbox 813 1493 893 1558; x_wconf 87' lang='lat' dir='ltr'>nihil</span> <span class='ocrx_word' id='word_1_73' title='bbox 914 1493 1019 1558; x_wconf 88' lang='lat' dir='ltr'>valeat</span> <span class='ocrx_word' id='word_1_74' title='bbox 1044 1493 1106 1556; x_wconf 90' lang='lat' dir='ltr'>nisi</span> <span class='ocrx_word' id='word_1_75' title='bbox 1129 1515 1219 1578; x_wconf 79' lang='lat' dir='ltr'>„pro-</span> 
     </span>
    </p>
   </div>
   <div class='ocr_carea' id='block_1_5' title="bbox 15 1601 1220 1796">
    <p class='ocr_par' dir='ltr' id='par_1_7' title="bbox 15 1601 1220 1796">
     <span class='ocr_line' id='line_1_11' title="bbox 15 1601 1213 1687; baseline -0.001 -22"><span class='ocrx_word' id='word_1_76' title='bbox 15 1641 16 1648; x_wconf 68' lang='lat'>.</span> <span class='ocrx_word' id='word_1_77' title='bbox 133 1603 236 1684; x_wconf 89' lang='lat' dir='ltr'>hrum,</span> <span class='ocrx_word' id='word_1_78' title='bbox 259 1604 443 1686; x_wconf 86' lang='lat' dir='ltr'>ignominia,</span> <span class='ocrx_word' id='word_1_79' title='bbox 467 1604 627 1686; x_wconf 84' lang='lat' dir='ltr'>ignavia“‚</span> <span class='ocrx_word' id='word_1_80' title='bbox 647 1601 732 1687; x_wconf 91' lang='lat' dir='ltr'>apud</span> <span class='ocrx_word' id='word_1_81' title='bbox 753 1601 942 1684; x_wconf 81' lang='lat' dir='ltr'>Sophoclem</span> <span class='ocrx_word' id='word_1_82' title='bbox 965 1611 1135 1686; x_wconf 88' lang='lat' dir='ltr'>usurpatur</span> <span class='ocrx_word' id='word_1_83' title='bbox 1155 1622 1213 1685; x_wconf 91' lang='lat' dir='ltr'>pro</span> 
     </span>
     <span class='ocr_line' id='line_1_12' title="bbox 15 1706 1220 1796; baseline -0.002 -21"><span class='ocrx_word' id='word_1_84' title='bbox 15 1715 17 1764; x_wconf 78' lang='lat' dir='ltr'>l</span> <span class='ocrx_word' id='word_1_85' title='bbox 135 1709 291 1794; x_wconf 84' lang='lat' dir='ltr'>arguendi</span> <span class='ocrx_word' id='word_1_86' title='bbox 313 1720 345 1773; x_wconf 89' lang='lat' dir='ltr'>et</span> <span class='ocrx_word' id='word_1_87' title='bbox 366 1708 522 1794; x_wconf 91' lang='lat' dir='ltr'>probandi</span> <span class='ocrx_word' id='word_1_88' title='bbox 551 1710 674 1796; x_wconf 83' lang='lat' dir='ltr'>ratione</span> <span class='ocrx_word' id='word_1_89' title='bbox 705 1710 766 1774; x_wconf 85' lang='lat' dir='ltr'>vel¹</span> <span class='ocrx_word' id='word_1_90' title='bbox 789 1730 853 1793; x_wconf 83' lang='lat' dir='ltr'>pro¹</span> <span class='ocrx_word' id='word_1_91' title='bbox 874 1707 1080 1782; x_wconf 86' lang='lat' dir='ltr'>documento,</span> <span class='ocrx_word' id='word_1_92' title='bbox 1111 1708 1150 1771; x_wconf 84' lang='lat' dir='ltr'>cf.</span> <span class='ocrx_word' id='word_1_93' title='bbox 1173 1706 1220 1784; x_wconf 84' lang='grc' dir='ltr'>εἰς</span> 
     </span>
    </p>
   </div>
   <div class='ocr_carea' id='block_1_6' title="bbox 15 1813 1224 2768">
    <p class='ocr_par' dir='ltr' id='par_1_8' title="bbox 134 1813 1224 2422">
     <span class='ocr_line' id='line_1_13' title="bbox 138 1813 1220 1903; baseline -0.004 -19"><span class='ocrx_word' id='word_1_94' title='bbox 138 1817 273 1903; x_wconf 86' lang='grc' dir='ltr'><strong><em>ἐλεγχον</em></strong></span> <span class='ocrx_word' id='word_1_95' title='bbox 291 1817 411 1898; x_wconf 76' lang='grc' dir='ltr'><strong><em>ἐξιέναι</em></strong></span> <span class='ocrx_word' id='word_1_96' title='bbox 432 1817 520 1882; x_wconf 75' lang='lat' dir='ltr'>Phil.</span> <span class='ocrx_word' id='word_1_97' title='bbox 535 1817 584 1882; x_wconf 88' lang='lat'>98.</span> <span class='ocrx_word' id='word_1_98' title='bbox 608 1818 692 1882; x_wconf 89' lang='lat' dir='ltr'>Alet.</span> <span class='ocrx_word' id='word_1_99' title='bbox 715 1817 753 1880; x_wconf 87' lang='lat' dir='ltr'>fr.</span> <span class='ocrx_word' id='word_1_100' title='bbox 775 1816 825 1880; x_wconf 86' lang='grc'>92.</span> <span class='ocrx_word' id='word_1_101' title='bbox 869 1815 914 1898; x_wconf 64' lang='grc' dir='ltr'>εἰς</span> <span class='ocrx_word' id='word_1_102' title='bbox 943 1813 1077 1900; x_wconf 86' lang='grc' dir='ltr'><strong><em>ἐλεγχον</em></strong></span> <span class='ocrx_word' id='word_1_103' title='bbox 1105 1814 1220 1881; x_wconf 79' lang='grc' dir='ltr'><strong><em>ἐλθεῖν</em></strong></span> 
     </span>
     <span class='ocr_line' id='line_1_14' title="bbox 137 1909 1220 2012; baseline -0.004 -20"><span class='ocrx_word' id='word_1_104' title='bbox 137 1925 194 1992; x_wconf 86' lang='lat' dir='ltr'>OC</span> <span class='ocrx_word' id='word_1_105' title='bbox 216 1909 307 2010; x_wconf 82' lang='grc' dir='ltr'>Ι1297,</span> <span class='ocrx_word' id='word_1_106' title='bbox 330 1927 421 2012; x_wconf 88' lang='lat' dir='ltr'>quasi</span> <span class='ocrx_word' id='word_1_107' title='bbox 440 1925 668 1990; x_wconf 85' lang='lat' dir='ltr'>¹adverbialiter</span> <span class='ocrx_word' id='word_1_108' title='bbox 688 1934 860 2008; x_wconf 87' lang='lat' dir='ltr'>usurpatur</span> <span class='ocrx_word' id='word_1_109' title='bbox 881 1922 942 1989; x_wconf 80' lang='grc' dir='ltr'>ΟΒ</span> <span class='ocrx_word' id='word_1_110' title='bbox 953 1919 1025 1988; x_wconf 81' lang='grc'>’603</span> <span class='ocrx_word' id='word_1_111' title='bbox 1068 1921 1220 1989; x_wconf 86' lang='lat' dir='ltr'>Similiter</span> 
     </span>
     <span class='ocr_line' id='line_1_15' title="bbox 137 2029 1219 2118; baseline -0.001 -21"><span class='ocrx_word' id='word_1_112' title='bbox 137 2033 233 2098; x_wconf 87' lang='lat' dir='ltr'>verbo</span> <span class='ocrx_word' id='word_1_113' title='bbox 265 2033 457 2118; x_wconf 79' lang='grc' dir='ltr'><strong><em>ἐλέγχειν</em></strong></span> <span class='ocrx_word' id='word_1_114' title='bbox 487 2032 684 2116; x_wconf 84' lang='lat' dir='ltr'>significatur</span> <span class='ocrx_word' id='word_1_115' title='bbox 707 2030 938 2116; x_wconf 71' lang='lat' dir='ltr'>‘exprobrando</span> <span class='ocrx_word' id='word_1_116' title='bbox 976 2031 1111 2115; x_wconf 80' lang='lat' dir='ltr'>arguere</span> <span class='ocrx_word' id='word_1_117' title='bbox 1141 2029 1219 2096; x_wconf 90' lang='lat' dir='ltr'>Ant.</span> 
     </span>
     <span class='ocr_line' id='line_1_16' title="bbox 134 2137 1224 2226; baseline -0.003 -20"><span class='ocrx_word' id='word_1_118' title='bbox 134 2143 205 2207; x_wconf 85' lang='grc'>260.</span> <span class='ocrx_word' id='word_1_119' title='bbox 228 2142 305 2224; x_wconf 85' lang='grc'><strong>434,</strong></span> <span class='ocrx_word' id='word_1_120' title='bbox 334 2141 386 2206; x_wconf 84' lang='lat' dir='ltr'>vel</span> <span class='ocrx_word' id='word_1_121' title='bbox 415 2161 568 2226; x_wconf 85' lang='lat' dir='ltr'>quaerere</span> <span class='ocrx_word' id='word_1_122' title='bbox 595 2140 676 2205; x_wconf 90' lang='lat' dir='ltr'>Phil.</span> <span class='ocrx_word' id='word_1_123' title='bbox 698 2139 760 2204; x_wconf 87' lang='lat'>338</span> <span class='ocrx_word' id='word_1_124' title='bbox 792 2137 903 2222; x_wconf 86' lang='lat' dir='ltr'>(schol.</span> <span class='ocrx_word' id='word_1_125' title='bbox 925 2140 1046 2224; x_wconf 76' lang='grc' dir='ltr'><strong><em>κρίναι,</em></strong></span> <span class='ocrx_word' id='word_1_126' title='bbox 1078 2137 1224 2224; x_wconf 81' lang='grc' dir='ltr'><strong><em>ἐρωτῶ).-</em></strong></span> 
     </span>
     <span class='ocr_line' id='line_1_17' title="bbox 136 2245 1221 2331; baseline -0.004 -16"><span class='ocrx_word' id='word_1_127' title='bbox 136 2249 198 2330; x_wconf 82' lang='lat' dir='ltr'>OR</span> <span class='ocrx_word' id='word_1_128' title='bbox 219 2251 287 2314; x_wconf 87' lang='grc'><strong>333.</strong></span> <span class='ocrx_word' id='word_1_129' title='bbox 311 2250 380 2314; x_wconf 91' lang='grc'>783.</span> <span class='ocrx_word' id='word_1_130' title='bbox 412 2248 583 2328; x_wconf 78' lang='grc' dir='ltr'><strong>ΕΙ.1353;</strong></span> <span class='ocrx_word' id='word_1_131' title='bbox 625 2246 724 2311; x_wconf 89' lang='lat' dir='ltr'>verbo</span> <span class='ocrx_word' id='word_1_132' title='bbox 763 2245 1011 2331; x_wconf 76' lang='grc' dir='ltr'><strong><em>ἐξελέγχειν</em></strong></span> <span class='ocrx_word' id='word_1_133' title='bbox 1049 2267 1221 2330; x_wconf 84' lang='lat' dir='ltr'>coarguere</span> 
     </span>
     <span class='ocr_line' id='line_1_18' title="bbox 134 2354 708 2422; baseline -0.003 -1"><span class='ocrx_word' id='word_1_134' title='bbox 134 2358 213 2421; x_wconf 90' lang='lat' dir='ltr'>Ant.</span> <span class='ocrx_word' id='word_1_135' title='bbox 235 2357 305 2422; x_wconf 79' lang='lat'>399.</span> <span class='ocrx_word' id='word_1_136' title='bbox 327 2357 442 2422; x_wconf 78' lang='lat' dir='ltr'>Trach.</span> <span class='ocrx_word' id='word_1_137' title='bbox 463 2357 534 2421; x_wconf 89' lang='grc'>373.</span> <span class='ocrx_word' id='word_1_138' title='bbox 557 2354 618 2422; x_wconf 89' lang='lat' dir='ltr'>OR</span> <span class='ocrx_word' id='word_1_139' title='bbox 637 2356 708 2420; x_wconf 86' lang='grc'>297.</span> 
     </span>
    </p>

    <p class='ocr_par' dir='ltr' id='par_1_9' title="bbox 15 2462 1219 2768">
     <span class='ocr_line' id='line_1_19' title="bbox 15 2462 1219 2550; baseline -0.004 -19"><span class='ocrx_word' id='word_1_140' title='bbox 15 2543 16 2546; x_wconf 10' lang='lat'>¹</span> <span class='ocrx_word' id='word_1_141' title='bbox 219 2464 416 2550; x_wconf 80' lang='grc' dir='ltr'><strong><em>ἐγκαλεῖν</em></strong></span> <span class='ocrx_word' id='word_1_142' title='bbox 446 2487 517 2529; x_wconf 89' lang='lat' dir='ltr'>oum</span> <span class='ocrx_word' id='word_1_143' title='bbox 546 2466 677 2529; x_wconf 91' lang='lat' dir='ltr'>notione</span> <span class='ocrx_word' id='word_1_144' title='bbox 705 2463 860 2548; x_wconf 88' lang='lat' dir='ltr'>arguendi</span> <span class='ocrx_word' id='word_1_145' title='bbox 887 2465 1047 2528; x_wconf 86' lang='lat' dir='ltr'>invenitur</span> <span class='ocrx_word' id='word_1_146' title='bbox 1068 2462 1129 2528; x_wconf 85' lang='lat' dir='ltr'>OR</span> <span class='ocrx_word' id='word_1_147' title='bbox 1150 2462 1219 2526; x_wconf 87' lang='grc'>702.</span> 
     </span>
     <span class='ocr_line' id='line_1_20' title="bbox 15 2553 1219 2658; baseline -0.004 -21"><span class='ocrx_word' id='word_1_148' title='bbox 15 2553 16 2588; x_wconf 54' lang='lat' dir='ltr'>ss</span> <span class='ocrx_word' id='word_1_149' title='bbox 134 2573 187 2637; x_wconf 78' lang='lat' dir='ltr'>El.</span> <span class='ocrx_word' id='word_1_150' title='bbox 211 2573 279 2638; x_wconf 93' lang='grc'>778.</span> <span class='ocrx_word' id='word_1_151' title='bbox 310 2573 391 2638; x_wconf 91' lang='lat' dir='ltr'>Phil.</span> <span class='ocrx_word' id='word_1_152' title='bbox 413 2574 483 2639; x_wconf 82' lang='lat'>328.</span> <span class='ocrx_word' id='word_1_153' title='bbox 537 2571 720 2658; x_wconf 84' lang='grc' dir='ltr'><strong><em>ἐγκλημα</em></strong></span> <span class='ocrx_word' id='word_1_154' title='bbox 750 2573 847 2656; x_wconf 90' lang='lat' dir='ltr'>(quae</span> <span class='ocrx_word' id='word_1_155' title='bbox 868 2591 932 2634; x_wconf 87' lang='lat' dir='ltr'>vox</span> <span class='ocrx_word' id='word_1_156' title='bbox 953 2571 1114 2636; x_wconf 89' lang='lat' dir='ltr'>sollemnis</span> <span class='ocrx_word' id='word_1_157' title='bbox 1136 2569 1219 2655; x_wconf 88' lang='lat' dir='ltr'>apud</span> 
     </span>
     <span class='ocr_line' id='line_1_21' title="bbox 134 2677 1190 2768; baseline -0.003 -25"><span class='ocrx_word' id='word_1_158' title='bbox 134 2681 256 2766; x_wconf 89' lang='lat' dir='ltr'>primos</span> <span class='ocrx_word' id='word_1_159' title='bbox 278 2683 439 2746; x_wconf 88' lang='lat' dir='ltr'>invenitur</span> <span class='ocrx_word' id='word_1_160' title='bbox 461 2680 653 2768; x_wconf 88' lang='lat' dir='ltr'>Sophoclem</span> <span class='ocrx_word' id='word_1_161' title='bbox 674 2689 706 2746; x_wconf 88' lang='lat' dir='ltr'>et</span> <span class='ocrx_word' id='word_1_162' title='bbox 725 2677 961 2764; x_wconf 84' lang='lat' dir='ltr'>Thucydidem)</span> <span class='ocrx_word' id='word_1_163' title='bbox 982 2677 1098 2744; x_wconf 86' lang='lat' dir='ltr'>Trach.</span> <span class='ocrx_word' id='word_1_164' title='bbox 1120 2678 1190 2742; x_wconf 86' lang='lat'>361.</span> 
     </span>
    </p>
   </div>
   <div class='ocr_carea' id='block_1_7' title="bbox 219 2786 1012 2982">
    <p class='ocr_par' dir='ltr' id='par_1_10' title="bbox 219 2786 1012 2982">
     <span class='ocr_line' id='line_1_22' title="bbox 219 2786 597 2874; baseline 0.003 -21"><span class='ocrx_word' id='word_1_165' title='bbox 219 2786 433 2874; x_wconf 77' lang='grc' dir='ltr'><strong><em>ἐπίκλημα</em></strong></span> <span class='ocrx_word' id='word_1_166' title='bbox 455 2789 515 2856; x_wconf 88' lang='lat' dir='ltr'>OR</span> <span class='ocrx_word' id='word_1_167' title='bbox 535 2789 597 2854; x_wconf 80' lang='lat'>529</span> 
     </span>
     <span class='ocr_line' id='line_1_23' title="bbox 331 2887 1012 2982; baseline 0.004 -22"><span class='ocrx_word' id='word_1_168' title='bbox 331 2910 548 2982; x_wconf 78' lang='grc' dir='ltr'><strong><em>κατηγορεῖτο</em></strong></span> <span class='ocrx_word' id='word_1_169' title='bbox 569 2887 777 2982; x_wconf 75' lang='grc' dir='ltr'><strong><em>τούπέκληρα</em></strong></span> <span class='ocrx_word' id='word_1_170' title='bbox 800 2889 903 2962; x_wconf 83' lang='grc' dir='ltr'><strong><em>τοῦτό</em></strong></span> <span class='ocrx_word' id='word_1_171' title='bbox 924 2919 1012 2982; x_wconf 84' lang='grc' dir='ltr'><strong><em>μου;</em></strong></span> 
     </span>
    </p>
   </div>
   <div class='ocr_carea' id='block_1_8' title="bbox 15 3002 803 3091">
    <p class='ocr_par' dir='ltr' id='par_1_11' title="bbox 15 3002 803 3091">
     <span class='ocr_line' id='line_1_24' title="bbox 15 3002 803 3091; baseline 0.005 -26"><span class='ocrx_word' id='word_1_172' title='bbox 15 3023 16 3030; x_wconf 57' lang='grc'><strong>“</strong></span> <span class='ocrx_word' id='word_1_173' title='bbox 110 3003 176 3066; x_wconf 84' lang='lat' dir='ltr'>cf.</span> <span class='ocrx_word' id='word_1_174' title='bbox 197 3002 257 3066; x_wconf 91' lang='grc'>227</span> <span class='ocrx_word' id='word_1_175' title='bbox 281 3003 338 3086; x_wconf 86' lang='lat' dir='ltr'>(gl.</span> <span class='ocrx_word' id='word_1_176' title='bbox 360 3005 577 3090; x_wconf 84' lang='grc' dir='ltr'><strong><em>κατέγκλημα,</em></strong></span> <span class='ocrx_word' id='word_1_177' title='bbox 598 3005 803 3091; x_wconf 77' lang='grc' dir='ltr'><strong><em>κατηγορία).</em></strong></span> 
     </span>
    </p>
   </div>
   <div class='ocr_carea' id='block_1_9' title="bbox 130 3104 1222 3520">
    <p class='ocr_par' dir='ltr' id='par_1_12' title="bbox 130 3104 1222 3520">
     <span class='ocr_line' id='line_1_25' title="bbox 217 3104 1222 3197; baseline 0.001 -21"><span class='ocrx_word' id='word_1_178' title='bbox 217 3104 457 3197; x_wconf 84' lang='grc' dir='ltr'><strong><em>κατήγορος</em></strong></span> <span class='ocrx_word' id='word_1_179' title='bbox 487 3122 535 3177; x_wconf 89' lang='lat' dir='ltr'>est</span> <span class='ocrx_word' id='word_1_180' title='bbox 563 3134 621 3197; x_wconf 88' lang='lat' dir='ltr'>pro</span> <span class='ocrx_word' id='word_1_181' title='bbox 642 3122 828 3178; x_wconf 81' lang='lat' dir='ltr'>accusatore</span> <span class='ocrx_word' id='word_1_182' title='bbox 856 3112 970 3178; x_wconf 83' lang='lat' dir='ltr'>Trach.</span> <span class='ocrx_word' id='word_1_183' title='bbox 992 3111 1062 3176; x_wconf 90' lang='grc'><strong>814.</strong></span> <span class='ocrx_word' id='word_1_184' title='bbox 1105 3135 1222 3196; x_wconf 84' lang='grc' dir='ltr'><strong><em>κατη</em></strong></span> 
     </span>
     <span class='ocr_line' id='line_1_26' title="bbox 130 3219 1220 3305; baseline -0.002 -21"><span class='ocrx_word' id='word_1_185' title='bbox 130 3231 285 3303; x_wconf 88' lang='grc' dir='ltr'><strong><em>γορεῖν</em></strong></span> <span class='ocrx_word' id='word_1_186' title='bbox 306 3219 346 3283; x_wconf 93' lang='lat' dir='ltr'>de</span> <span class='ocrx_word' id='word_1_187' title='bbox 367 3221 498 3285; x_wconf 86' lang='lat' dir='ltr'>crimine</span> <span class='ocrx_word' id='word_1_188' title='bbox 518 3229 688 3305; x_wconf 86' lang='lat' dir='ltr'>usurpatur</span> <span class='ocrx_word' id='word_1_189' title='bbox 709 3219 770 3287; x_wconf 80' lang='grc' dir='ltr'>ΟΒ</span> <span class='ocrx_word' id='word_1_190' title='bbox 783 3221 853 3285; x_wconf 80' lang='grc'><strong>514.</strong></span> <span class='ocrx_word' id='word_1_191' title='bbox 875 3220 946 3304; x_wconf 78' lang='grc'>529,</span> <span class='ocrx_word' id='word_1_192' title='bbox 971 3219 1010 3284; x_wconf 88' lang='lat' dir='ltr'>de</span> <span class='ocrx_word' id='word_1_193' title='bbox 1031 3219 1220 3284; x_wconf 88' lang='lat' dir='ltr'>documento</span> 
     </span>
     <span class='ocr_line' id='line_1_27' title="bbox 132 3325 1220 3414; baseline 0.002 -24"><span class='ocrx_word' id='word_1_194' title='bbox 132 3326 188 3390; x_wconf 84' lang='grc' dir='ltr'>Αἰ.</span> <span class='ocrx_word' id='word_1_195' title='bbox 210 3325 280 3391; x_wconf 87' lang='grc'>907.</span> <span class='ocrx_word' id='word_1_196' title='bbox 323 3332 582 3414; x_wconf 76' lang='grc' dir='ltr'><strong><em>ξυνηγορεῖν</em></strong></span> <span class='ocrx_word' id='word_1_197' title='bbox 604 3329 643 3394; x_wconf 82' lang='lat' dir='ltr'>cf.</span> <span class='ocrx_word' id='word_1_198' title='bbox 666 3328 780 3393; x_wconf 82' lang='lat' dir='ltr'>Trach.</span> <span class='ocrx_word' id='word_1_199' title='bbox 803 3329 865 3394; x_wconf 87' lang='grc'>814</span> <span class='ocrx_word' id='word_1_200' title='bbox 887 3333 1075 3414; x_wconf 78' lang='grc' dir='ltr'><strong><em>ξυνηγορεῖς</em></strong></span> <span class='ocrx_word' id='word_1_201' title='bbox 1098 3332 1220 3412; x_wconf 82' lang='grc' dir='ltr'><strong><em>σιγῶσα</em></strong></span> 
     </span>
     <span class='ocr_line' id='line_1_28' title="bbox 133 3428 1222 3520; baseline 0.001 -22"><span class='ocrx_word' id='word_1_202' title='bbox 133 3437 186 3518; x_wconf 82' lang='grc' dir='ltr'>τῷ</span> <span class='ocrx_word' id='word_1_203' title='bbox 206 3428 401 3520; x_wconf 83' lang='grc' dir='ltr'><strong><em>κατηγόρῳ;</em></strong></span> <span class='ocrx_word' id='word_1_204' title='bbox 421 3436 476 3500; x_wconf 90' lang='lat' dir='ltr'>ubi</span> <span class='ocrx_word' id='word_1_205' title='bbox 496 3436 580 3501; x_wconf 90' lang='lat' dir='ltr'>haud</span> <span class='ocrx_word' id='word_1_206' title='bbox 601 3435 696 3501; x_wconf 86' lang='lat' dir='ltr'>dubia</span> <span class='ocrx_word' id='word_1_207' title='bbox 716 3437 914 3520; x_wconf 84' lang='lat' dir='ltr'>significatur</span> <span class='ocrx_word' id='word_1_208' title='bbox 943 3435 1138 3502; x_wconf 90' lang='lat' dir='ltr'>consuetudo</span> <span class='ocrx_word' id='word_1_209' title='bbox 1167 3436 1222 3500; x_wconf 90' lang='lat' dir='ltr'>illa</span> 
     </span>
    </p>
   </div>
   <div class='ocr_carea' id='block_1_10' title="bbox 15 3542 1234 3646">
    <p class='ocr_par' dir='ltr' id='par_1_13' title="bbox 15 3542 1234 3646">
     <span class='ocr_line' id='line_1_29' title="bbox 15 3542 1234 3646; baseline -0.003 -37"><span class='ocrx_word' id='word_1_210' title='bbox 15 3581 17 3630; x_wconf 43' lang='grc' dir='ltr'><strong><em>γ</em></strong></span> <span class='ocrx_word' id='word_1_211' title='bbox 136 3563 201 3626; x_wconf 91' lang='lat' dir='ltr'>qua</span> <span class='ocrx_word' id='word_1_212' title='bbox 220 3545 347 3628; x_wconf 86' lang='lat' dir='ltr'>utrique</span> <span class='ocrx_word' id='word_1_213' title='bbox 367 3545 562 3628; x_wconf 84' lang='lat' dir='ltr'>litigantium</span> <span class='ocrx_word' id='word_1_214' title='bbox 588 3547 621 3608; x_wconf 94' lang='lat' dir='ltr'>in</span> <span class='ocrx_word' id='word_1_215' title='bbox 651 3545 767 3611; x_wconf 90' lang='lat' dir='ltr'>iudicio</span> <span class='ocrx_word' id='word_1_216' title='bbox 788 3544 904 3610; x_wconf 86' lang='lat' dir='ltr'>licebat</span> <span class='ocrx_word' id='word_1_217' title='bbox 925 3554 1076 3629; x_wconf 87' lang='lat' dir='ltr'>patronos</span> <span class='ocrx_word' id='word_1_218' title='bbox 1097 3543 1149 3607; x_wconf 87' lang='lat' dir='ltr'>vel</span> <span class='ocrx_word' id='word_1_219' title='bbox 1167 3542 1234 3646; x_wconf 67' lang='lat' dir='ltr'>ad·⁸</span> 
     </span>
    </p>
   </div>
   <div class='ocr_carea' id='block_1_11' title="bbox 137 3651 1221 3846">
    <p class='ocr_par' dir='ltr' id='par_1_14' title="bbox 137 3651 1221 3846">
     <span class='ocr_line' id='line_1_30' title="bbox 137 3651 1121 3736; baseline 0.003 -25"><span class='ocrx_word' id='word_1_220' title='bbox 137 3659 270 3714; x_wconf 87' lang='lat' dir='ltr'>vocatos</span> <span class='ocrx_word' id='word_1_221' title='bbox 292 3651 352 3715; x_wconf 85' lang='lat' dir='ltr'>sihi</span> <span class='ocrx_word' id='word_1_222' title='bbox 373 3673 535 3717; x_wconf 87' lang='lat' dir='ltr'>arcessere</span> <span class='ocrx_word' id='word_1_223' title='bbox 557 3653 612 3736; x_wconf 85' lang='lat' dir='ltr'>(cf.</span> <span class='ocrx_word' id='word_1_224' title='bbox 634 3654 750 3719; x_wconf 89' lang='lat' dir='ltr'>Aesoh.</span> <span class='ocrx_word' id='word_1_225' title='bbox 773 3654 813 3718; x_wconf 90' lang='lat' dir='ltr'>de</span> <span class='ocrx_word' id='word_1_226' title='bbox 834 3654 856 3719; x_wconf 82' lang='lat' dir='ltr'>f.</span> <span class='ocrx_word' id='word_1_227' title='bbox 879 3655 941 3736; x_wconf 87' lang='lat' dir='ltr'>leg.</span> <span class='ocrx_word' id='word_1_228' title='bbox 959 3652 1033 3736; x_wconf 78' lang='grc'>784,</span> <span class='ocrx_word' id='word_1_229' title='bbox 1056 3652 1121 3735; x_wconf 83' lang='lat' dir='ltr'>al).</span> 
     </span>
     <span class='ocr_line' id='line_1_31' title="bbox 217 3754 1221 3846; baseline 0.002 -26"><span class='ocrx_word' id='word_1_230' title='bbox 217 3756 352 3822; x_wconf 90' lang='lat' dir='ltr'>Locutio</span> <span class='ocrx_word' id='word_1_231' title='bbox 373 3761 562 3845; x_wconf 81' lang='grc' dir='ltr'><strong><em>δευτέρῳ</em></strong></span> <span class='ocrx_word' id='word_1_232' title='bbox 583 3754 695 3846; x_wconf 86' lang='grc' dir='ltr'><strong><em>λόγῳ</em></strong></span> <span class='ocrx_word' id='word_1_233' title='bbox 717 3763 750 3825; x_wconf 93' lang='lat' dir='ltr'>in</span> <span class='ocrx_word' id='word_1_234' title='bbox 771 3759 852 3824; x_wconf 92' lang='lat' dir='ltr'>Phil.</span> <span class='ocrx_word' id='word_1_235' title='bbox 874 3761 924 3843; x_wconf 87' lang='grc'>49,</span> <span class='ocrx_word' id='word_1_236' title='bbox 947 3779 1140 3846; x_wconf 86' lang='lat' dir='ltr'>quamquam</span> <span class='ocrx_word' id='word_1_237' title='bbox 1161 3759 1221 3822; x_wconf 91' lang='lat' dir='ltr'>hoc</span> 
     </span>
    </p>
   </div>
   <div class='ocr_carea' id='block_1_12' title="bbox 15 3864 1220 3951">
    <p class='ocr_par' dir='ltr' id='par_1_15' title="bbox 15 3864 1220 3951">
     <span class='ocr_line' id='line_1_32' title="bbox 15 3864 1220 3951; baseline -0.002 -19"><span class='ocrx_word' id='word_1_238' title='bbox 15 3919 16 3932; x_wconf 74' lang='lat'>.</span> <span class='ocrx_word' id='word_1_239' title='bbox 135 3864 206 3928; x_wconf 90' lang='lat' dir='ltr'>loco</span> <span class='ocrx_word' id='word_1_240' title='bbox 227 3867 357 3932; x_wconf 89' lang='lat' dir='ltr'>minime</span> <span class='ocrx_word' id='word_1_241' title='bbox 377 3889 429 3932; x_wconf 89' lang='lat' dir='ltr'>res</span> <span class='ocrx_word' id='word_1_242' title='bbox 451 3879 499 3932; x_wconf 89' lang='lat' dir='ltr'>est</span> <span class='ocrx_word' id='word_1_243' title='bbox 521 3868 714 3951; x_wconf 74' lang='lat' dir='ltr'>deludium,</span> <span class='ocrx_word' id='word_1_244' title='bbox 745 3869 851 3932; x_wconf 88' lang='lat' dir='ltr'>nescio</span> <span class='ocrx_word' id='word_1_245' title='bbox 881 3889 921 3931; x_wconf 91' lang='lat' dir='ltr'>an</span> <span class='ocrx_word' id='word_1_246' title='bbox 944 3866 1085 3951; x_wconf 85' lang='lat' dir='ltr'>pendeat</span> <span class='ocrx_word' id='word_1_247' title='bbox 1104 3865 1145 3930; x_wconf 90' lang='lat' dir='ltr'>ab</span> <span class='ocrx_word' id='word_1_248' title='bbox 1168 3866 1220 3930; x_wconf 90' lang='lat' dir='ltr'>illo</span> 
     </span>
    </p>
   </div>
   <div class='ocr_carea' id='block_1_13' title="bbox 135 3973 1237 4384">
    <p class='ocr_par' dir='ltr' id='par_1_16' title="bbox 135 3973 1220 4168">
     <span class='ocr_line' id='line_1_33' title="bbox 135 3973 1220 4060; baseline 0.003 -26"><span class='ocrx_word' id='word_1_249' title='bbox 135 3993 224 4036; x_wconf 90' lang='lat' dir='ltr'>more</span> <span class='ocrx_word' id='word_1_250' title='bbox 245 3994 307 4057; x_wconf 92' lang='lat' dir='ltr'>quo</span> <span class='ocrx_word' id='word_1_251' title='bbox 329 3975 362 4037; x_wconf 89' lang='lat' dir='ltr'>in</span> <span class='ocrx_word' id='word_1_252' title='bbox 384 3975 543 4040; x_wconf 88' lang='lat' dir='ltr'>nonnullis</span> <span class='ocrx_word' id='word_1_253' title='bbox 565 3977 667 4040; x_wconf 86' lang='lat' dir='ltr'>causis</span> <span class='ocrx_word' id='word_1_254' title='bbox 683 3985 817 4060; x_wconf 89' lang='lat' dir='ltr'>utraque</span> <span class='ocrx_word' id='word_1_255' title='bbox 838 3995 912 4059; x_wconf 88' lang='lat' dir='ltr'>pare</span> <span class='ocrx_word' id='word_1_256' title='bbox 927 3973 1075 4039; x_wconf 90' lang='lat' dir='ltr'>utebatur</span> <span class='ocrx_word' id='word_1_257' title='bbox 1097 3973 1220 4038; x_wconf 88' lang='lat' dir='ltr'>duobus</span> 
     </span>
     <span class='ocr_line' id='line_1_34' title="bbox 136 4071 763 4168; baseline 0.006 -26"><span class='ocrx_word' id='word_1_258' title='bbox 136 4071 248 4162; x_wconf 86' lang='grc' dir='ltr'><strong><em>λόγοις</em></strong></span> <span class='ocrx_word' id='word_1_259' title='bbox 268 4081 288 4144; x_wconf 91' lang='lat' dir='ltr'>i.</span> <span class='ocrx_word' id='word_1_260' title='bbox 311 4103 338 4145; x_wconf 89' lang='lat' dir='ltr'>e.</span> <span class='ocrx_word' id='word_1_261' title='bbox 360 4081 513 4148; x_wconf 84' lang='lat' dir='ltr'>facultate</span> <span class='ocrx_word' id='word_1_262' title='bbox 534 4082 582 4148; x_wconf 87' lang='lat' dir='ltr'>bie</span> <span class='ocrx_word' id='word_1_263' title='bbox 604 4082 763 4168; x_wconf 90' lang='lat' dir='ltr'>loquendi.</span> 
     </span>
    </p>

    <p class='ocr_par' dir='ltr' id='par_1_17' title="bbox 137 4177 1237 4384">
     <span class='ocr_line' id='line_1_35' title="bbox 218 4177 1237 4277; baseline 0.004 -27"><span class='ocrx_word' id='word_1_264' title='bbox 218 4187 326 4272; x_wconf 92' lang='lat' dir='ltr'>Atque</span> <span class='ocrx_word' id='word_1_265' title='bbox 355 4190 514 4272; x_wconf 87' lang='lat' dir='ltr'>peculiare</span> <span class='ocrx_word' id='word_1_266' title='bbox 543 4189 702 4277; x_wconf 86' lang='lat' dir='ltr'>quoddam</span> <span class='ocrx_word' id='word_1_267' title='bbox 729 4211 830 4274; x_wconf 87' lang='lat' dir='ltr'>genus</span> <span class='ocrx_word' id='word_1_268' title='bbox 859 4189 1112 4253; x_wconf 92' lang='lat' dir='ltr'>criminationum</span> <span class='ocrx_word' id='word_1_269' title='bbox 1142 4177 1237 4254; x_wconf 66' lang='lat' dir='ltr'>satis⁸</span> 
     </span>
     <span class='ocr_line' id='line_1_36' title="bbox 137 4291 1220 4384; baseline 0.008 -29"><span class='ocrx_word' id='word_1_270' title='bbox 137 4303 263 4359; x_wconf 87' lang='lat' dir='ltr'>constat</span> <span class='ocrx_word' id='word_1_271' title='bbox 283 4295 382 4360; x_wconf 79' lang='lat' dir='ltr'>fuisse</span> <span class='ocrx_word' id='word_1_272' title='bbox 404 4319 458 4362; x_wconf 86' lang='lat' dir='ltr'>eas</span> <span class='ocrx_word' id='word_1_273' title='bbox 479 4319 561 4382; x_wconf 90' lang='lat' dir='ltr'>quae</span> <span class='ocrx_word' id='word_1_274' title='bbox 582 4298 779 4363; x_wconf 88' lang='lat' dir='ltr'>vocabantur</span> <span class='ocrx_word' id='word_1_275' title='bbox 799 4291 935 4384; x_wconf 73' lang='grc' dir='ltr'><strong><em>μήνυσις</em></strong></span> <span class='ocrx_word' id='word_1_276' title='bbox 961 4293 1095 4375; x_wconf 78' lang='grc' dir='ltr'><strong><em>ἔνδειξις</em></strong></span> <span class='ocrx_word' id='word_1_277' title='bbox 1116 4297 1220 4382; x_wconf 79' lang='grc' dir='ltr'><strong><em>εἰσαγ-</em></strong></span> 
     </span>
    </p>
   </div>
   <div class='ocr_carea' id='block_1_14' title="bbox 0 0 1573 5176">
    <p class='ocr_par' dir='ltr' id='par_1_18' title="bbox 0 0 1573 5176">
     <span class='ocr_line' id='line_1_37' title="bbox 0 0 1573 5176; baseline 0 0"><span class='ocrx_word' id='word_1_278' title='bbox 0 0 1573 5176; x_wconf 95' lang='lat' dir='ltr'> </span> 
     </span>
    </p>
   </div>
  </div>
 </body>
</html>
