3126 5176
687 427 727 494 87

157 629 287 715 publica
306 630 460 695 'valerent
504 629 576 709 Quo
599 631 653 714 qui
675 629 812 694 tendunt
842 628 903 693 loci
925 626 1112 710 Sophoclsi‚
1141 622 1250 688 eoruni

158 759 271 823 supra,
303 759 375 802 cum
403 737 443 802 de
471 739 598 821 generis
628 738 797 802 nobilitate
828 745 860 802 st
881 735 922 800 de
943 735 1062 800 divitiis
1084 733 1161 797 mibi
1183 741 1252 830 erat

157 844 394 930 disputandum,
416 845 478 909 feci
498 847 702 910 mentionem.
745 844 961 909 Mercatorum
983 853 1105 922 autem,
1135 837 1250 924 quibus

156 961 288 1038 propter
309 954 409 1016 vitam
430 954 604 1038 inquietam
627 953 843 1038 pecuniaeque
873 950 1059 1016 aviditatem
1088 949 1158 1031 ipse
1184 966 1250 1009 non

156 1060 285 1125 videtur
306 1060 426 1144 favere,
447 1082 552 1125 mores
575 1061 714 1126 delineat
735 1059 826 1144 Scyr.
850 1059 888 1122 fr.
910 1058 972 1122 499

307 1165 339 1232 οἱ
359 1173 589 1234 ποντοναῦται
609 1173 680 1234 τῶν
701 1160 925 1252 ταλαιπώρων
944 1169 1087 1252 βροτῶν,

307 1269 357 1351 οἷς
378 1267 457 1340 οὔτε
479 1276 606 1359 δαίμων
627 1266 709 1340 οὔτε
730 1299 780 1351 τις
800 1278 895 1340 θεῶν
915 1273 1026 1357 νέμων

305 1375 457 1448 πλούτου
477 1383 554 1447 ποτ’
578 1373 621 1447 ἂν
640 1384 783 1466 νείμειεν
804 1371 900 1462 ἀξίαν
920 1374 1019 1466 χάριν

304 1493 441 1566 λεπταῖς
463 1488 518 1554 ἐπὶ
540 1487 665 1574 ῥιπῑοιν
686 1483 833 1574 ἐμπολᾶς
854 1481 981 1574 μακρὰς

306 1585 357 1661 ἀεὶ
377 1597 667 1682 παραρρίπτοντες
689 1595 722 1662 οἱ
742 1589 960 1680 πολύφθοροι

305 1693 325 1788 ἢ
346 1703 468 1770 ’coccos
489 1694 675 1788 ἆκέρδαναν
696 1695 716 1788 ἢ
738 1697 908 1782 διώλεσαν,

156 1819 284 1874 secutus
306 1811 376 1874 sine
397 1809 493 1874 dubio
515 1833 592 1875 suae
613 1812 728 1876 aetatis
750 1832 854 1874 mores
876 1834 884 1874 :
916 1809 1142 1894 antiquissimis
1165 1809 1249 1871 enim

157 1917 355 2002 temporibus
376 1918 495 1983 Graeci
516 1928 714 1984 mercaturae
737 1918 887 1982 videntur
907 1917 1006 1982 fuisse
1029 1937 1094 1980 non
1116 1917 1163 1979 ita
1184 1924 1249 1978 stu-

155 2023 295 2106 diosi54).
320 2062 358 2070 —
380 2025 490 2110 Atque
524 2025 752 2090 mercatoribus
790 2026 928 2111 oppositi
964 2033 1055 2089 erant
1091 2043 1250 2107 caupones

156 2125 316 2216 (κάπηλοι
336 2133 388 2196 vel
408 2126 680 2220 παλιγκάπηλοι),
710 2133 795 2218 quod
824 2154 926 2216 genus
948 2141 980 2196 et
1001 2140 1132 2216 propter
1151 2151 1248 2213 nego·

155 2239 236 2302 tium
257 2239 411 2305 illiberale
432 2235 630 2326 (βάναυσον)
640 2240 680 2322 ⁶⁶)
703 2251 735 2306 et
757 2242 833 2326 quia
853 2249 980 2326 praeter
1001 2240 1107 2302 varias
1127 2259 1249 2302 merces

154 2346 189 2409 in
218 2349 370 2432 cauponis
402 2349 467 2412 suis
500 2359 532 2414 et
562 2351 731 2434 potulenta
759 2348 977 2413 divendebant
1005 2357 1037 2411 et
1066 2346 1250 2411 meretrices

155 2451 287 2518 alebant
309 2456 387 2518 satis
409 2465 536 2519 constat
557 2457 590 2520 in
612 2477 736 2520 summa
756 2455 855 2519 fuisse
875 2455 1122 2538 contemptione,
1148 2455 1194 2517 ita
1213 2463 1250 2517 ut

154 2581 249 2625 nemo
271 2563 349 2626 civis
371 2563 529 2645 ingenuus
548 2562 590 2626 ad
611 2563 676 2626 tale
703 2563 869 2645 negotium
890 2559 1107 2625 descenderet.
1151 2559 1249 2625 Cuius

154 2669 201 2732 rei
222 2667 350 2750 duobus¹
368 2669 561 2752 fragmentis
584 2669 770 2755 Sophocleis
791 2669 829 2734 fit
849 2670 993 2734 mentio:
1015 2669 1054 2732 fr.
1078 2669 1138 2732 756

303 2763 394 2860 αἰνὴν
416 2774 501 2842 ἔθου
521 2778 577 2842 καὶ
597 2781 730 2863 πρᾶσιν,
752 2767 798 2853 ὡς
820 2781 937 2863 Φοῖνιξ
957 2765 1049 2862 ἀνὴρ,

305 2877 472 2960 Σιδώνιος
492 2877 685 2970 κάπηλος

157 3008 220 3072 quo
251 2987 424 3054 scholiasta
453 2991 493 3054 ad
524 2991 617 3056 Pind.
650 2991 745 3077 Pyth.
773 2991 818 3074 ΙΙ,
852 2991 910 3056 125
942 2991 1119 3056 Phoenices
1151 2990 1250 3054 fuisse

156 3090 431 3182 παλιγκαπήλους
452 3099 559 3164 studet
580 3100 727 3186 probare,
750 3109 782 3164 et
803 3099 895 3164 Phin.
918 3099 956 3164 fr.
978 3100 1040 3164 635

304 3205 454 3290 βλέφαρα
474 3208 630 3290 κέκλῃταί
651 3209 689 3292 γ’,
712 3198 757 3284 ὡς
777 3209 1019 3294 καπηλείου
1040 3201 1152 3291 θύραι.

223 3371 256 3439 ⁵⁴)
276 3375 352 3438 Quod
379 3381 468 3425 tamon
493 3376 607 3426 Mueller
633 3378 753 3443 Aeginet.
782 3395 805 3444 p.
833 3382 865 3428 75
892 3379 962 3444 apud
990 3379 1152 3442 Homerum,
1180 3379 1250 3429 sicut

155 3451 280 3526 ἔμπορος
308 3459 364 3525 ipse
394 3476 529 3526 nunquam
559 3469 730 3513 mercatorem
762 3463 906 3528 significet,
936 3465 974 3514 ita
1000 3464 1066 3514 dicit
1091 3471 1249 3514 mercatores

156 3542 352 3612 (πρηκτῆρας),
371 3546 418 3597 ubi
431 3553 579 3612 occurrant,
600 3547 726 3599 barbaros
739 3549 782 3599 vel
797 3549 891 3600 saltem
905 3549 1099 3600 semibarbaros
1116 3565 1180 3612 esse,
1199 3550 1250 3599 hcc

153 3629 233 3678 nimis
259 3630 371 3696 abrupte
398 3631 548 3684 iudicatum
575 3640 615 3684 eet
633 3629 640 3684 :¹
658 3634 754 3685 merito
781 3635 851 3684 enim
878 3635 985 3686 Nitreoh
1013 3635 1046 3686 ad
1074 3636 1249 3690 erse-164

155 3714 259 3764 monuit
276 3714 318 3764 his
338 3717 427 3767 verbis
444 3717 561 3783 ipsorum
580 3719 742 3770 Graecorum
761 3720 830 3770 inter
843 3736 870 3771 se
884 3720 1070 3770 commercium
1083 3720 1248 3771 hauddubie

154 3797 307 3864 significari.
343 3801 416 3864 Quae
444 3803 465 3852 si
491 3819 543 3853 non
571 3803 635 3868 ipsis
659 3803 773 3854 heroicis
795 3809 889 3870 poetae
917 3812 988 3855 certe
1006 3806 1169 3870 temporibus
1187 3814 1250 3858 sunt

153 3883 308 3948 tribuenda,
333 3901 493 3953 quamquam
519 3889 587 3939 illud
611 3889 797 3940 commercium
822 3905 889 3941 voce
906 3887 1029 3959 ἐμπορίη
1047 3891 1117 3956 apud
1135 3891 1247 3957 primum

154 3967 260 4018 demum
279 3969 426 4021 Hesiodum
446 3966 513 4041 (dpy.
534 3975 594 4042 644)
613 3975 785 4040 significatur.

223 4051 257 4118 Μ)
276 4053 442 4121 Contemptio
460 4058 508 4110 illa
526 4075 594 4124 quae
611 4059 639 4110 in
656 4060 764 4111 notione
780 4061 925 4130 βαναύσου
942 4068 998 4113 erat
1015 4063 1100 4128 posita
1118 4064 1158 4114 si.
1174 4068 1247 4128 1121,

154 4137 202 4188 ubi
218 4139 341 4190 Menelao
360 4141 406 4205 qui
423 4142 489 4192 artis
507 4145 659 4210 sagittariae
687 4161 740 4196 non
771 4145 828 4196 sine
854 4145 970 4198 ludibrio
997 4149 1061 4198 fecit
1087 4149 1246 4213 mentionem

154 4223 257 4274 Teucer
267 4225 407 4290 respondet
417 4224 449 4280 οὐ
462 4227 516 4296 γὰρ
532 4229 711 4296 βάναυσον
728 4230 781 4299 τὴν
791 4229 896 4300 τέχνην
907 4230 976 4302 ἕκτη
988 4235 1092 4301 σάμην,
1104 4233 1132 4284 in
1141 4234 1248 4285 heroica

153 4311 272 4374 tempore
289 4309 395 4361 videtur
412 4313 556 4364 manuforti
