3126 5176
871 425 914 489 80

790 514 988 522 -———...-.

343 625 457 712 quibus
479 625 664 710 sagittarius
686 625 776 690 miles
809 635 941 711 propter
969 626 1072 691 levem
1101 637 1297 693 armaturam
1327 638 1442 695 contra

343 733 536 819 hoplitarum
567 733 796 818 impedimenta
828 743 861 798 et
893 732 1095 799 difficultates
1136 735 1320 820 extollitur,
1358 737 1443 802 haec

342 840 443 906 verba
462 861 528 904 non
550 840 682 905 dubium
704 851 753 906 est
774 843 852 924 quin
874 842 1036 928 exipsius
1059 852 1166 908 aetate
1187 846 1325 928 repetita
1347 844 1442 909 iudo·

343 949 406 1015 lem
438 955 554 1033 poe'tae
586 949 708 1033 spirent
739 948 934 1033 popularem.
987 949 1111 1016 Eodem
1143 960 1250 1016 autem
1282 954 1442 1038 exemplo,

345 1065 465 1140 quanto
488 1076 560 1119 cum
581 1056 693 1140 vigore
713 1055 883 1140 Euripides
904 1078 955 1121 res
978 1079 1078 1122 novas
1101 1068 1133 1122 et
1155 1058 1270 1143 quibus
1292 1058 1443 1124 videatur

344 1161 463 1248 aliquid
486 1161 597 1247 profici
619 1162 720 1226 soleat
750 1184 917 1247 capessere
946 1164 1127 1248 civiumque
1155 1187 1250 1230 curae
1280 1187 1442 1230 commen·

345 1271 430 1352 dare,
453 1270 647 1354 amplissime
668 1270 864 1334 inlustratur.
919 1270 1005 1336 Nam
1038 1293 1110 1336 cum
1142 1295 1183 1337 ex
1213 1275 1324 1359 primis
1355 1275 1442 1339 illius

345 1379 497 1442 orationis
519 1377 625 1442 verbis
648 1377 724 1458 (188
746 1379 808 1462 sq.)

494 1477 534 1550 τὸ
556 1477 736 1567 πάνσοφον
756 1484 784 1548 d'
806 1476 941 1571 εὕρημα,
962 1482 1086 1571 τοξήρη
1106 1479 1217 1572 σαγὴν,

491 1592 630 1676 μέμψει·
653 1585 766 1656 κλύων
788 1597 849 1658 νῦν
869 1582 948 1658 τάπ’
971 1591 1055 1677 ἐμοῦ
1075 1587 1181 1676 σοφὸς
1201 1598 1311 1678 γενοῦ,

346 1699 463 1786 quihus
485 1699 526 1764 ad
548 1721 616 1764 rem
639 1700 768 1764 maioris
788 1702 943 1764 momenti
971 1703 1069 1765 animi
1095 1711 1343 1787 praeparentur,
1372 1712 1442 1767 tum

345 1808 507 1892 exipsius
529 1808 817 1891 argumentationis
840 1808 1036 1891 (190-203)
1060 1811 1250 1894 copiositate
1279 1810 1365 1875 haud
1385 1810 1441 1874 ob·

345 1937 437 1980 scure
458 1923 592 2000 apparet
613 1922 743 2000 poetam
775 1915 808 1979 id
836 1915 979 1999 studere,
1009 1927 1045 1980 ut
1075 1927 1271 2002 spectatores
1299 1917 1373 1982 huie
1393 1920 1444 1981 rei

346 2044 410 2108 qua
430 2044 541 2087 omues
562 2023 682 2106 pariter
703 2022 893 2088 adficiantur
908 2045 1004 2108 quam
1019 2025 1250 2090 attentissimos
1263 2025 1443 2110 praebeant

345 2131 478 2196 animos.
536 2129 741 2194 Enumeratio
771 2139 878 2196 autem
911 2131 1055 2196 similiter
1084 2141 1182 2217 atque
1211 2135 1244 2197 in
1276 2133 1444 2198 rhetorum
1474 2163 1479 2172 ·

346 2241 498 2304 suasoriis
529 2239 629 2304 fiebat
660 2238 807 2302 omnibus
840 2260 921 2324 quae
953 2240 1069 2304 idonea
1101 2263 1171 2305 esse
1202 2240 1372 2306 videantur
1399 2240 1444 2306 ad

345 2367 462 2410 novam
484 2347 676 2410 sententiam
699 2345 984 2410 commendandam
1012 2348 1210 2430 argumentis
1241 2345 1444 2412 concluditur

345 2454 546 2518 ratiocinatio
569 2452 645 2536 (204
666 2452 730 2538 sq.)
752 2451 859 2518 verbis

543 2553 639 2643 λόγοι
658 2559 720 2643 μὲν
742 2555 811 2624 οἵδε
832 2571 920 2625 τοῖσι
942 2573 1014 2636 σοῖς
1035 2559 1192 2626 ἐναντίαν

543 2660 677 2752 γνώμην
699 2664 810 2750 ἔχουσι
830 2671 901 2732 τῶν
923 2661 1153 2733 καθεστώτων
1173 2667 1261 2752 πέρι,

346 2773 471 2858 quibus,
493 2795 544 2856 ne,
567 2773 644 2859 quid
666 2783 735 2838 tota
756 2774 914 2858 expositio
937 2774 999 2838 sibi
1021 2774 1109 2858 velit,
1128 2793 1326 2866 ³quemquam
1340 2773 1443 2856 fallat,

346 2901 384 2944 ea
406 2900 488 2964 quae
509 2879 604 2944 modo
626 2880 691 2943 sint
711 2879 876 2964 disputata
897 2901 982 2944 nova
1004 2902 1074 2946 esse
1095 2901 1200 2966 neque
1222 2901 1294 2944 cum
1315 2879 1444 2963 volgari

346 2987 496 3072 opinione
518 2987 686 3052 concinere
708 3009 858 3072 expresse
879 2987 1087 3071 significatur.
1138 2987 1189 3053 Ac
1210 2989 1237 3052 si
1259 2988 1444 3072 quaerimus

346 3115 485 3178 quanam
506 3115 540 3158 re
561 3093 697 3159 feliciter
718 3103 811 3177 gesta
832 3093 988 3159 adductus
1010 3095 1053 3159 sit
1073 3093 1260 3180 Euripides,
1289 3103 1326 3158 ut
1347 3115 1442 3158 suum

345 3201 386 3266 de
406 3222 491 3264 nova
512 3200 679 3288 pugnandi
700 3203 824 3266 ratione
845 3201 997 3268 iudicium
1018 3211 1109 3266 tanto
1133 3223 1205 3266 cum
1226 3201 1353 3266 fervore
1368 3223 1442 3286 pro-

346 3318 457 3391 meret,
479 3309 556 3376 mihi
577 3308 707 3394 quidem
728 3309 866 3374 maxime
888 3309 1063 3394 probabilis
1085 3331 1155 3374 esse
1176 3309 1304 3374 videtur
1318 3311 1443 3373 coniec-

345 3425 419 3480 tura
439 3413 622 3482 Schenkelii
644 3417 699 3501 qui
722 3417 756 3500 (l.
774 3439 799 3479 c.
822 3438 852 3502 p.
868 3417 955 3499 507),
978 3416 1011 3480 id
1032 3417 1125 3502 quod.
1137 3438 1235 3502 supra
1256 3416 1332 3499 dixi,
1355 3416 1443 3500 eogi-

346 3523 438 3595 tavit
460 3523 500 3587 de
532 3524 652 3608 proelio
684 3525 738 3588 illo
771 3523 1019 3608 Sphaeteriensi.
1073 3523 1143 3588 Nec
1174 3534 1283 3589 tamen
1311 3543 1444 3607 prorsus

346 3630 507 3694 reicienda
522 3639 583 3694 est
612 3631 750 3715 suspicio
780 3627 821 3696 G.
845 3629 1065 3714 Schmidtiiffl)
1095 3631 1151 3716 qui
1180 3627 1373 3716 „pugnam“,
1394 3629 1442 3692 in-

336 3739 425 3822 ·quit‚
450 3737 511 3822 ,ad
526 3737 656 3803 Delium
672 3739 873 3804 commissam
887 3759 1016 3803 causam
1030 3738 1138 3820 fuisse,
1156 3759 1212 3802 cur
1226 3737 1443 3802 Athenienses

346 3845 481 3910 multum
502 3845 542 3910 de
563 3853 633 3910 arte
655 3845 822 3928 sagittaria
844 3845 1079 3930 disceptarent,
1107 3847 1192 3930 apud
1219 3842 1443 3928 Thucydidem

345 3950 404 4032 IV,
418 3951 468 4017 94.
484 3952 525 4016 95
539 3952 674 4036 legimus
684 4002 690 4016 .
702 4001 708 4016 .
720 4000 744 4016 ..
768 3951 807 4016 In
822 3952 878 4017 illa
892 3954 977 4017 enim
992 3973 1102 4038 pugna
1116 3973 1268 4036 magnam
1281 3951 1348 4016 vim
1361 3951 1442 4016 levis

415 4204 448 4272 ⁴⁹)
468 4206 612 4257 Gualterus
624 4206 752 4272 Schmidt,
772 4209 832 4270 Qua
849 4207 951 4258 ratione
964 4207 1104 4273 Euripides
1122 4223 1230 4258 resana
1248 4211 1334 4257 aetate
1352 4211 1440 4272 gestas

347 4291 509 4354 abhibucrit,
527 4291 555 4341 in
572 4292 723 4343 Heraclidis
740 4293 907 4357 potissimum
925 4293 1068 4358 quaeritur.
1086 4293 1147 4344 diss.
1168 4293 1228 4344 Hal.
1242 4294 1302 4343 Su.
1316 4295 1346 4342 81
1362 4307 1386 4357 p.
1399 4295 1440 4342 2³.
