3126 5176
640 442 680 512 47

121 669 198 734 opus
220 657 306 714 esset
327 646 525 714 adiutoribus
547 647 601 733 qui
623 647 759 732 pecunia
780 655 812 712 et
834 645 955 712 ambitu
986 653 1078 711 erant
1106 644 1209 712 conci·

120 756 226 842 liandi,
248 756 328 822 haec
349 755 468 840 Oedipi
490 755 589 820 verba
611 755 687 839 (ΟΒ
709 756 771 822 540
792 756 877 841 sqq.)
1076 755 1078 760 ’

266 850 318 949 ἆρ’
340 853 415 948 οὐχὶ
435 857 551 950 μῶρόν
572 861 642 929 ἐστι
663 853 884 948 τούγχείρημά
905 880 976 941 σου,

267 963 370 1038 ἄνευ
390 995 434 1038 τε
463 965 656 1038 πλούτου
682 973 755 1038 καὶ
776 973 911 1052 φίλων
931 971 1111 1056 τυραννίδα

266 1084 387 1165 θηρᾶν,
409 1067 428 1146 d
450 1073 576 1164 πλήθει
595 1069 755 1165 χρήμασίν
775 1079 810 1145 θ’
832 1069 1010 1158 ἁλίσκεται,

119 1207 310 1272 quamquam
332 1185 418 1252 dicta
440 1197 515 1253 sunt
537 1187 577 1252 de
600 1187 780 1272 tyrannide,
802 1208 822 1251 a
842 1187 950 1252 multis
972 1195 1058 1251 certe
1072 1186 1112 1250 ad
1127 1207 1208 1250 rem-

119 1293 276 1377 publicam
307 1293 554 1362 Atheniensium
585 1305 663 1376 puto
696 1317 766 1360 esse
798 1305 948 1360 revocata
980 1319 987 1359 :
1029 1315 1094 1358 vox
1125 1295 1210 1358 enim

119 1403 209 1483 φίλαι
240 1402 302 1468 hoc
330 1403 400 1468 loco
430 1425 495 1468 non
524 1405 570 1468 ita
598 1405 703 1470 aliena
725 1412 774 1468 est
794 1424 814 1467 a
834 1405 965 1468 notione
987 1399 1130 1487 ἑταίρων
1153 1400 1208 1483 (cf.

119 1509 228 1578 Alead.
251 1510 290 1576 fr.
318 1511 374 1576 109
406 1531 435 1576 v.
462 1513 494 1593 1,
524 1533 554 1595 p.
576 1511 642 1594 27).
697 1511 807 1596 Atque
835 1511 869 1576 in
898 1510 950 1576 Ai.
974 1510 1036 1575 682
1057 1530 1121 1594 sq„
1154 1508 1209 1573 ubi

121 1619 202 1686 Aiax
223 1619 302 1686 dicit
678 1632 750 1696 τοῖς
770 1623 926 1686 πολλοῖσι
946 1611 1010 1703 γὰρ

263 1731 397 1813 βροτῶν
418 1718 558 1804 ἄπιστός
579 1726 652 1794 ἐσθ’
674 1724 892 1812 ἑταιρείας
913 1721 1011 1813 λιμήν

121 1837 222 1900 nescio
244 1858 288 1900 an
310 1858 389 1902 voce
410 1833 555 1921 ἑταιρεία
577 1843 675 1922 poeta
696 1859 772 1902 usus
794 1837 850 1917 sit,
883 1846 920 1902 ut
947 1837 1072 1902 illarum
1093 1835 1208 1900 sodali·

123 1949 217 2010 tatum
239 1944 334 2010 simul
355 1945 586 2028 perstringeret
606 1943 790 2027 ambiguam
811 1943 916 2010 fidem.

198 2051 292 2116 Haec
314 2052 382 2118 fere
402 2053 436 2118 in
451 2052 567 2118 fabulis
582 2051 769 2138 Sophocleis
784 2052 861 2118 mihi
876 2061 1091 2133 occurrerunt,
1114 2052 1208 2134 unde,

121 2158 191 2241 quid
213 2161 249 2226 in
271 2161 456 2227 universum
487 2161 526 2226 de
555 2160 721 2246 republica
747 2161 936 2228 iudicaverit
965 2169 1079 2246 poeta,
1106 2163 1209 2247 possit

121 2264 194 2330 elici.
239 2266 458 2338 confirmatur
480 2271 565 2334 enim
587 2269 648 2334 illis
670 2269 948 2334 observationibus
980 2269 1012 2333 id
1041 2269 1128 2354 quod
1157 2269 1208 2334 vel

121 2372 190 2442 inde
211 2377 326 2459 elucet,
355 2376 441 2462 quod
463 2377 595 2444 Periclis
625 2361 792 2444 fruebatur
818 2377 974 2453 amicitia,
1005 2377 1104 2441 fuisse
1136 2399 1208 2441 eum

120 2481 197 2550 sicut
225 2484 448 2570 δημαραατίας
478 2485 637 2550 fautorem
670 2486 716 2550 ita
747 2485 788 2550 ab
822 2474 1022 2574 ὀχλοκρατίᾳ
1050 2505 1206 2550 aversum.

120 2588 224 2674 Atque
247 2591 432 2677 Euripidem
454 2591 539 2658 idem
559 2593 628 2660 fere
650 2591 691 2660 de
711 2593 875 2676 republica
890 2594 1028 2658 sensisse
1042 2593 1207 2677 permultis

120 2692 192 2762 locis
213 2701 400 2765 evincitur:
431 2723 511 2787 quos
541 2711 650 2765 tamen
680 2702 707 2766 si
736 2721 957 2785 comparamus
990 2722 1062 2765 eum
1084 2699 1206 2786 Sopho-

121 2803 208 2890 cleis,
242 2809 408 2894 utriusque
439 2810 618 2894 proprietas
651 2809 745 2874 facile
777 2808 952 2894 dispicitur.
1009 2805 1208 2893 Sophocleae

121 2913 200 2978 enim
229 2917 384 2981 eiusmodi
411 2917 636 2986 translationes
666 2939 737 2982 cum
766 2927 822 2984 aut
852 2917 987 3001 singulis
1023 2917 1206 2981 continean-

120 3027 168 3084 tur
187 3022 403 3090 locutionibus
424 3035 489 3108 aut,
511 3027 538 3090 si
559 3025 654 3111 paulo
675 3027 854 3092 accuratius
876 3025 1086 3110 explicantur,
1108 3026 1206 3110 ipsius

120 3126 243 3197 fabulae
274 3135 390 3198 rationi
422 3143 454 3200 et
485 3135 716 3200 sententiarum
755 3135 908 3218 cuiusque
945 3133 1007 3198 loci
1043 3134 1205 3197 continua·
1271 3156 1276 3166 ·

120 3236 194 3303 tioni
215 3250 282 3306 tam
313 3240 484 3306 artificiosa
512 3243 576 3309 sint
604 3243 748 3306 intextae
776 3261 1049 3326 personarumque
1076 3241 1206 3324 ingenio

119 3343 295 3431 adaptatae,
317 3357 353 3412 ut
372 3350 499 3433 insigne
521 3348 598 3434 quid
618 3349 717 3414 latere
746 3350 850 3414 minus
877 3357 1001 3412 attente
1022 3347 1206 3426 audientem

119 3452 165 3516 vel
193 3454 353 3538 legentem
382 3457 568 3541 plerumque
595 3456 718 3540 fugiat,
747 3456 933 3541 Euripidem
962 3455 1106 3520 videmus
1135 3457 1206 3542 ipsa

119 3555 224 3626 fabula
244 3572 276 3626 et
297 3561 498 3628 heroicorum
520 3573 698 3649 temporum
715 3564 942 3649 hominumque
964 3565 1094 3647 ingenio
1116 3586 1204 3649 pror-

118 3684 168 3730 sus
200 3670 318 3734 omisso
350 3681 504 3758 tanquam
526 3671 758 3738 Atheniensem
786 3672 827 3736 ad
849 3671 1064 3736 Athenienses
1099 3671 1139 3736 de
1171 3695 1206 3736 re

117 3774 241 3856 publica
274 3779 404 3865 eiusque
435 3781 592 3846 institutis
624 3802 663 3844 ac
694 3782 781 3846 vitiis
813 3782 978 3864 agentium
1010 3801 1066 3846 ore
1097 3779 1204 3844 facere

117 3882 224 3966 verba,
243 3885 402 3952 talibusne
416 3888 714 3953 ratiocinationibus
729 3889 857 3954 fabulae
871 3910 1038 3973 processus
1053 3888 1203 3973 interpel-

117 3985 196 4056 letur
216 4003 272 4058 aut
293 4016 501 4080 personarum
524 3997 663 4081 ingeniis
685 3998 734 4061 vis
756 3997 921 4062 adferatur
942 4017 1007 4060 non
1029 4005 1203 4060 curantem.

118 4093 205 4174 Quae
225 4112 261 4166 ut
282 4103 405 4169 facilius
427 4107 670 4192 perspiciantur,
692 4127 794 4192 pauca
815 4107 891 4170 satis
913 4105 1038 4170 habebo
1060 4103 1203 4170 attulisse

117 4210 288 4300 exempla:
318 4234 393 4278 nam
423 4235 532 4278 omnes
561 4215 615 4300 qui
648 4213 709 4278 huc
737 4215 898 4299 pertinent
919 4214 1005 4278 locos
1028 4233 1203 4298 congerere

115 4330 382 4400 sllpervucaneum
398 4331 447 4385 est
462 4324 652 4406 praesertim
675 4343 756 4404 cum,
779 4333 898 4408 quanto
914 4322 1043 4386 liberius
1059 4331 1091 4385 et
1107 4320 1201 4386 latius
