3126 5176
762 401 953 498 *ss*

311 603 405 670 facile
439 603 574 668 efficitur
607 603 636 667 ei
666 601 750 668 bello
786 603 931 668 confecto
943 653 952 686 ,
984 603 1003 668 i.
1034 625 1061 668 e.
1095 605 1285 687 magistratu
1310 605 1409 688 ‘quasi

229 763 232 768 -
312 712 469 798 deposito,
498 712 656 775 rationem
686 711 785 776 fuisse
806 711 1003 776 reddendam
1025 711 1100 776 belli
1121 712 1410 778 administrationis

314 842 396 906 quae
416 841 482 884 non
503 820 571 884 sine
592 819 669 882 vitio
692 818 792 883 fuisse
813 818 992 884 videbatur.

397 928 507 1012 Atque
537 926 579 991 ad
610 925 754 1010 singulos
789 927 996 1010 magistratus
1029 926 1114 1011 quod
1147 928 1272 1010 attinet,
1305 949 1410 1012 pauca

313 1033 391 1098 mihi
412 1032 548 1098 dicenda
569 1042 644 1097 sunt
666 1032 706 1096 de
728 1031 953 1098 observatione
975 1032 1114 1118 quadam
1144 1034 1181 1098 Ε.
1206 1034 1308 1100 Curtii
1331 1033 1407 1116 (Gr.

315 1140 356 1208 G.
379 1141 424 1224 II,
446 1141 508 1206 692
535 1163 566 1204 n.
588 1141 643 1224 40)
673 1162 768 1232 quam
797 1139 947 1206 Goecker
975 1161 1005 1224 p.
1029 1142 1070 1204 40
1091 1163 1137 1226 sq.
1166 1151 1311 1227 repetere
1341 1163 1411 1206 non

315 1249 450 1315 dubitat.
476 1249 613 1334 ‚Agitur
643 1249 727 1312 enim
757 1247 797 1312 de
826 1247 1038 1331 explicatione
1060 1249 1147 1312 vocis
1169 1242 1351 1335 στρατηγὸς
1373 1251 1411 1313 in

315 1357 392 1420 Ant.
414 1377 445 1420 v.
467 1357 496 1441 8,
520 1377 615 1442 quam
641 1354 702 1420 hoc
728 1355 799 1419 loco
831 1357 910 1420 satis
941 1356 1021 1420 mire
1049 1359 1196 1442 usurpari
1224 1379 1317 1422 nemo
1346 1357 1413 1422 erit

316 1464 371 1550 qui
392 1475 498 1548 neget.
543 1462 647 1542 Quem
668 1484 762 1526 usum
784 1462 914 1528 Curtius
944 1473 1037 1547 putat
1065 1463 1216 1528 facillime
1245 1464 1411 1548 explicari,

316 1570 460 1636 simodo
490 1571 645 1654 temporis
675 1591 737 1654 quc
769 1571 937 1654 Antigona
963 1571 1101 1654 primum
1129 1570 1224 1636 docta
1254 1572 1295 1635 sit
1324 1572 1411 1635 ratio

316 1679 483 1745 habeatur.
526 1677 611 1742 Nam
641 1679 726 1741 circa
752 1677 804 1743 Ol.
827 1677 868 1741 84
895 1679 1034 1742 maxime
1063 1679 1204 1763 viguisse
1232 1679 1413 1763 potentiam

317 1787 404 1852 illam
426 1785 558 1850 Periclis
581 1805 644 1868 qua
666 1783 787 1849 factum
803 1794 897 1868 esset,
920 1795 957 1849 ut
971 1784 1216 1850 Atheniensium
1229 1785 1414 1870 respublica

316 1887 406 1979 λόγῳ
432 1893 493 1976 μὲν
523 1900 607 1956 esset
637 1892 857 1977 δημοκρατία,
890 1889 975 1978 ἔργῳ
1009 1892 1045 1958 δὲ
1076 1883 1146 1958 ὑπὸ
1179 1897 1241 1959 τοῦ
1268 1887 1414 1978 πρώτου

316 1990 438 2084 ἀνδρὸς
459 1989 542 2086 ἀρχή
566 1999 680 2082 (Thuc.
695 1999 726 2080 2,
748 1999 826 2083 65):
850 2022 932 2086 quae
953 2003 1098 2085 potentia
1120 2023 1191 2065 cum
1214 2002 1414 2067 constitisset

316 2108 350 2172 in
381 2116 532 2190 praetura
564 2107 771 2195 (στρατηγίᾳ)
805 2129 899 2192 quem
930 2109 1153 2192 magistratum
1182 2109 1415 2194 prorogatione

317 2214 457 2279 Pericles
479 2235 581 2300 paene
602 2213 795 2278 reddidisset
816 2223 1020 2300 perpetuum,
1051 2217 1210 2297 evenisse,
1240 2226 1276 2280 ut
1304 2215 1413 2280 nullus

317 2323 448 2405 gravior
474 2332 625 2407 praetura
652 2330 737 2388 esset
766 2323 983 2406 magistratus.
1036 2322 1133 2387 Hunc
1164 2332 1270 2388 autem
1302 2345 1414 2388 rerum

318 2438 438 2494 statum
459 2428 512 2494 illo
534 2430 604 2494 loco
625 2430 659 2492 in
681 2429 810 2494 heroica
830 2439 977 2515 tempora
998 2452 1068 2494 esse
1090 2429 1290 2514 translatum,
1312 2431 1360 2494 ita
1373 2441 1415 2496 nt

317 2537 344 2600 is
377 2537 432 2627 qui
464 2557 611 2600 summun
635 2537 676 2600 ¹in
708 2559 744 2602 re
775 2535 903 2621 publica
935 2547 1044 2602 teneat
1077 2539 1245 2623 imperium
1277 2547 1415 2602 vocetur

317 2637 508 2730 στρατηγός,
552 2645 661 2729 Atque
683 2643 723 2710 de
745 2643 805 2708 hac
826 2645 1091 2730 interpretatione
1105 2656 1149 2726 ut,
1172 2632 1248 2730 quid
1263 2645 1414 2730 equidem

315 2753 460 2835 sentiam,
490 2753 600 2836 paucis
622 2752 906 2836 comprehendam,
936 2753 1014 2817 mihi
1045 2753 1170 2818 videtur
1199 2754 1303 2818 minus
1333 2763 1415 2838 apta

315 2879 395 2922 esse.
436 2857 631 2942 Sophoclem
660 2860 761 2940 enim,
794 2879 987 2944 quamquam
1017 2860 1134 2924 multos
1164 2859 1414 2926 Atheniensium

314 2963 510 3048 reipublicae
530 2985 635 3028 mores
657 2973 755 3049 atque
776 2965 924 3030 instituta
945 2966 1016 3049 ipss
1038 2965 1167 3032 heroica
1188 2976 1295 3032 aetate
1316 2967 1419 3050 fingit.

316 3072 471 3153 extitisse,
495 3079 602 3134 tamen
625 3071 846 3154 cognoscimus
868 3093 1032 3158 nunquam
1053 3073 1135 3138 adeo
1169 3077 1264 3139 certis
1290 3076 1415 3140 servire

315 3177 522 3266 temporibus,
545 3186 581 3241 ut
603 3177 758 3242 eiusmodi
779 3179 922 3262 singulas
943 3201 994 3244 res
1023 3181 1154 3246 minime
1180 3180 1347 3246 duraturas
1375 3182 1412 3246 in

315 3284 433 3350 fabulis
454 3285 605 3350 imitetur.
651 3285 826 3350 Praeterea
846 3285 940 3351 valde
961 3285 1083 3371 dubito,
1115 3309 1193 3352 num
1214 3289 1297 3354 illius
1319 3310 1411 3372 prae·

315 3400 406 3456 turae
426 3393 595 3476 gravitatis
617 3393 678 3476 ipsi
709 3393 859 3478 aequales
882 3415 920 3458 ea
941 3403 1033 3458 tenus
1055 3395 1117 3458 sibi
1138 3395 1258 3460 fuerint
1280 3396 1411 3479 conscii,

315 3506 351 3561 ut
379 3492 564 3584 στρατηγὸν
594 3498 680 3564 idem
712 3521 781 3564 esse
811 3510 909 3585 atque
938 3501 1188 3584 gubernatorem
1217 3502 1413 3586 reipublicae

315 3627 503 3690 persuasum
524 3605 709 3672 haberent:
742 3607 838 3672 immo
872 3628 966 3672 nemo
999 3608 1068 3673 fere
1095 3631 1134 3673 ex
1165 3609 1411 3694 spectatoribus,

317 3735 388 3778 cum
409 3713 575 3779 audiverat
597 3715 630 3778 in
652 3714 777 3780 theatro
799 3715 854 3778 illa
876 3715 975 3780 verba
997 3716 1089 3799 (Ant.
1111 3717 1156 3800 8),
1185 3717 1263 3781 talia
1296 3717 1411 3801 opinor

316 3821 490 3905 cogitabat.
535 3821 621 3900 Quid
637 3823 742 3906 ergo?
784 3822 857 3886 Hoc
871 3822 1006 3888 florente
1021 3823 1154 3888 Periclis
1169 3825 1303 3908 imperio
1317 3845 1412 3889 nemo

316 3927 385 3993 fere
415 3928 641 4013 intellegebat,
676 3928 827 3994 defuncto
856 3930 980 3994 Pericle
1010 3931 1216 4016 extinctoque
1241 3931 1295 3995 illo
1309 3925 1413 4016 'prae-

316 4046 407 4100 turae
435 4035 605 4121 splendore
643 4037 812 4122 quisquam
851 4037 978 4102 videtur
1005 4038 1228 4103 intellexisse?
1280 4037 1413 4103 Reiecta

315 4143 414 4227 igitur
434 4143 489 4208 illa
509 4144 793 4233 interpretatione,
824 4145 912 4208 cuius
941 4145 1023 4208 ratio
1054 4145 1166 4212 eadem
1195 4145 1263 4210 fere
1297 4155 1345 4210 est
1375 4168 1413 4210 ac

316 4247 448 4318 Schbllii
469 4251 620 4316 similium
649 4251 903 4316 coniecturarum
933 4252 966 4314 in
987 4251 1141 4318 Ellendtii
1171 4235 1411 4339 acquiescamus
