3126 5176
838 407 880 474 44

759 497 955 508 ———-—---

459 602 558 687 πόλις
579 602 642 695 γάρ
665 609 735 676 ἐστι
755 613 847 676 πᾶσα
869 612 939 698 τῶν
959 599 1154 694 ἡγουμένων

461 712 603 805 στρατός
623 742 660 784 τε
683 711 829 803 σύμπας·
854 716 886 783 οἱ
907 719 936 783 δ’
958 708 1182 802 ἀκοσμοῦντος
1203 725 1335 805 βροτῶν

461 822 740 895 διδασκάλων
767 821 895 912 λόγοισι
916 829 1085 912 γίγνονται
1105 830 1212 907 κακοί,

312 938 344 1000 in
367 937 481 1022 quibus
503 959 568 1001 vox
589 929 782 1002 διδάσκαλοι
812 956 877 1000 non
898 937 1002 1000 minus
1024 936 1066 1000 ad
1088 957 1142 1000 eos
1164 935 1333 1001 referenda
1354 946 1402 1001 est

312 1068 409 1131 quam
429 1047 546 1112 locutio
568 1047 710 1122 κωτίλος
732 1034 816 1130 ἀνὴρ
838 1047 871 1108 in
893 1044 1030 1109 Phaedr.
1053 1044 1092 1108 fr.
1114 1044 1175 1109 606

461 1143 502 1219 ori
523 1147 585 1239 γάρ
606 1152 684 1218 ποτ’
706 1143 748 1217 ἂν
768 1152 890 1236 γένοιτ’
912 1141 954 1216 δν
975 1140 1124 1236 ἀσφαλὴς
1145 1145 1252 1232 πόλις,

416 1291 421 1302 ·
461 1259 498 1326 ἐν
518 1245 538 1344 ᾗ
559 1251 601 1325 τδι
622 1259 683 1344 μὲν
704 1259 813 1325 δίκαια
834 1259 891 1324 καὶ
911 1250 953 1324 τὰ
975 1252 1134 1343 σώφρονα

381 1431 383 1436 s
461 1362 583 1455 λάγδιγν
603 1381 767 1447 πατεῖται,
789 1369 976 1444 κωτίλος
1005 1367 1033 1432 δ’
1052 1356 1154 1452 α’νὴρ
1187 1359 1301 1447 λαβὼν

462 1480 635 1562 πανοῦργα
655 1477 747 1562 χερσὶ
767 1475 888 1560 κέντρα
909 1468 1040 1560 κηδεύει
1061 1470 1170 1540 πόλιν.

312 1585 422 1670 Atque
443 1593 570 1648 constat
590 1584 678 1668 volgi
700 1584 769 1648 illos
799 1583 996 1666 turbatores,
1028 1592 1064 1646 ut
1092 1582 1287 1647 multitudini
1319 1605 1401 1668 quae

312 1692 483 1777 cupiebant
514 1692 639 1758 facilius
674 1691 911 1776 persuaderent,
934 1691 1001 1756 eius
1024 1689 1212 1755 credulitate
1242 1700 1274 1754 et
1295 1713 1402 1776 super·

312 1801 442 1866 stitione
472 1801 505 1864 in
536 1820 628 1864 suum
650 1798 851 1864 commodum
881 1819 1036 1863 conversa
1063 1799 1190 1880 saepius
1220 1797 1403 1864 adhibuisse

312 1908 388 1972 ficta
409 1908 536 1973 oracula
558 1931 640 1994 quae
650 1908 810 1974 'curabant
824 1930 844 1972 a
858 1906 986 1972 vatibus
1001 1927 1078 1970 auro
1096 1907 1253 1992 corruptis
1268 1905 1401 1972 edenda.

313 2016 384 2097 Quo
407 2016 527 2081 factum
549 2025 607 2100 est,
629 2025 665 2081 ut
685 2025 796 2081 vatum
817 2015 895 2080 ordo
924 2015 1076 2100 paulatim
1105 2015 1228 2079 veniret
1256 2015 1289 2078 in
1319 2037 1401 2080 sum·

312 2147 398 2190 mam
419 2126 698 2210 contemptionem.
743 2123 840 2190 Cuius
868 2125 915 2188 rei
941 2135 988 2186 ne¹
1009 2123 1094 2208 apud
1116 2122 1307 2208 Sophoclem
1335 2124 1401 2207 qui-

314 2234 386 2300 dem
408 2233 524 2297 desunt
543 2234 682 2318 vestigia
703 2257 710 2297 :
733 2251 927 2317 quamquam
957 2230 1056 2294 verba
1082 2223 1125 2322 τδ
1152 2223 1315 2315 μαντικὸν
1340 2223 1402 2316 γὰρ

313 2345 383 2408 πᾶν
404 2333 609 2427 φιλάργυρον
629 2340 725 2425 γένος
748 2340 839 2423 (Ant.
859 2338 951 2422 1055)
973 2339 1084 2423 utique
1098 2361 1135 2402 eo
1150 2338 1319 2404 referenda
1333 2361 1403 2404 esse

312 2472 377 2514 non
393 2449 673 2535 perseveraverim.
716 2447 800 2512 Nam
822 2446 902 2512 haec
923 2448 1082 2510 sententia
1096 2446 1175 2510 nihil
1190 2456 1238 2510 est
1252 2447 1314 2511 nisi
1329 2469 1401 2510 con·

312 2559 429 2622 vicium
451 2579 513 2645 quo
537 2558 642 2622 Creon
665 2556 827 2621 invehitur
847 2556 880 2618 in
902 2553 1060 2619 Tiresiam
1082 2575 1177 2639 quem
1205 2563 1297 2640 putat
1325 2576 1401 2618 auro

313 2689 383 2731 esse
405 2675 617 2751 corruptum:
647 2664 733 2752 quod
763 2673 872 2728 autem
901 2663 1080 2727 sententiae
1108 2682 1242 2726 acumen
1267 2683 1332 2726 non
1361 2662 1400 2726 ad

312 2797 408 2839 unum
432 2774 589 2839 Tiresiam
611 2773 667 2838 sed
699 2772 741 2837 ad
770 2781 872 2836 totum
902 2793 1004 2855 genus
1034 2769 1153 2854 tendit,
1181 2770 1242 2834 hoc
1270 2770 1340 2836 fluit
1362 2793 1401 2834 ex

313 2884 443 2967 ingenio
465 2883 632 2967 tyrannico
662 2902 727 2966 quo
755 2880 833 2944 talia
862 2880 1005 2944 convicia
1035 2880 1067 2942 in
1097 2880 1199 2943 maius
1221 2879 1325 2943 solent
1349 2901 1400 2942 ex·
1429 2943 1431 2950 ,
1466 2947 1469 2952 ,

313 2991 390 3056 tolli.
433 2989 548 3075 Neque
570 2989 603 3052 id
623 2999 700 3073 puto
723 3010 793 3054 esse
813 2985 1049 3072 neglegendum
1066 2989 1162 3052 etiam
1176 2988 1246 3052 aliis
1262 2986 1402 3051 eiusdem

314 3097 500 3182 tragoediae
520 3099 598 3162 locis
619 3096 791 3162 Creontem
812 3096 966 3182 praebere
987 3096 1126 3180 speciem
1148 3096 1215 3160 eius
1243 3097 1298 3180 qui
1319 3096 1401 3159 vatis

314 3207 517 3289 sacrosancti,
539 3207 558 3269 i.
582 3228 608 3270 e.
632 3207 773 3290 ipsorum
795 3204 926 3269 deorum
933 3251 943 3283 ,
973 3204 1093 3268 nullam
1114 3203 1231 3269 habeat
1252 3224 1401 3268 verecun-

314 3315 399 3379 diam
431 3313 486 3398 (cf.
508 3314 578 3378 631.
603 3313 683 3378 1033
705 3334 774 3398 sqq.
806 3334 844 3375 ac
873 3312 1044 3396 praecipue
1077 3311 1158 3377 1044
1185 3298 1222 3377 εὖ
1251 3306 1312 3397 γὰρ
1342 3308 1402 3378 οἷδ’

314 3415 368 3488 ὅτι
396 3425 401 3504 Ι
430 3415 534 3498 θεοὺς
561 3423 705 3505 μιαίνειν
734 3411 827 3497 οὔτις
848 3409 1044 3505 ἀνθρώπων
1068 3423 1191 3504 σθένει,
1213 3442 1277 3506 qua
1298 3422 1403 3504 specie

315 3530 529 3596 excusationis
544 3551 667 3594 summa
682 3531 863 3594 continetur
883 3529 1014 3594 deorum
1030 3528 1251 3613 contemptio).
1294 3528 1403 3594 Nihilo

314 3649 422 3704 tamen
436 3639 540 3703 minus
555 3639 600 3702 nil
616 3639 732 3722 obstat,
756 3639 933 3724 quominus,
949 3639 1056 3702 sinon
1072 3659 1143 3701 cum
1158 3639 1295 3722 primum
1310 3637 1404 3702 docta

313 3757 362 3811 est
392 3749 558 3830 Antigona
587 3757 621 3811 at
651 3756 764 3831 postea
792 3746 891 3811 fuisse
922 3756 1069 3832 putemus
1100 3747 1183 3810 inter
1209 3756 1402 3831 spectatores

315 3855 369 3940 qui
391 3853 508 3918 auditis
529 3855 592 3918 illis
615 3853 721 3918 verbis
734 3853 783 3918 ,de
805 3854 1050 3918 Atheniensium
1064 3853 1191 3917 vatibus
1215 3855 1402 3938 cogitarent.

315 3961 410 4041 Quod
432 3983 504 4026 cum
525 3963 644 4026 maiore
665 3961 803 4047 quadam
825 3961 1050 4046 probabilitate
1072 3961 1134 4026 dici
1155 3970 1262 4045 potest
1283 3961 1323 4026 de
1344 3961 1404 4028 ΟΒ

314 4069 373 4134 387
397 4091 444 4154 sq.
508 4059 605 4151 ὑφεὶς
625 4063 732 4154 μάγον
753 4064 886 4135 τοιόνδε
908 4063 1176 4155 μηχανορράφον,

515 4170 630 4242 δόλιον
651 4167 807 4263 ἆγύρτην,
830 4168 921 4253 ὅστις
942 4175 980 4242 ἐν
1001 4191 1072 4253 τοῖς
1092 4177 1242 4262 κέρδεσιν

513 4278 620 4370 μόνον
640 4285 785 4369 δέδορκε,
807 4279 869 4370 τὴν
889 4285 1008 4372 τέχνην
1029 4285 1057 4350 δ
1080 4282 1143 4367 ἔφυ
1163 4278 1299 4368 τυφλὸς,
