3126 5176
591 479 787 578 L

140 701 244 744 sermo
261 681 330 762 erit,
354 701 456 764 pauca
470 679 656 744 mihierunt
671 678 814 744 dicenda.
858 679 931 744 Hoc
946 689 1054 744 tamen
1068 702 1166 746 unum
1183 680 1237 744 hic

139 809 281 854 memoro
293 787 493 872 Sophoclem,
509 809 580 851 oum
593 787 652 854 00
664 787 725 852 899
737 787 897 852 Theseum
908 787 1074 852 induceret
1084 789 1235 873 populum

140 917 242 978 suum,
263 904 300 959 ut
312 894 458 960 Creontis
475 897 606 960 comites
622 904 898 980 persequerentur,
918 896 1098 960 mittentem
1120 886 1236 960 ἄνιπ-
1280 889 1282 894 ’

32 1085 40 1098 ἱ
138 1025 222 1069 που
243 997 436 1089 ἱππότην
463 1027 517 1082 τε,
539 1003 640 1068 videri
656 1002 901 1068 Atheniensium
923 1003 1082 1068 exercitus
1103 1002 1235 1088 biparti-

140 1121 207 1176 tam
222 1111 411 1176 divisionem
434 1133 475 1175 ex
496 1133 554 1175 sua
575 1119 682 1176 aetate
703 1111 736 1174 in
750 1111 1005 1195 antiquissimam
1024 1110 1235 1174 transtulisse.

209 1217 355 1304 ‘Florem
386 1228 495 1283 autem
527 1229 559 1284 et
590 1218 738 1283 roborem
780 1240 853 1282 cum
894 1219 1036 1282 omnium
1070 1219 1237 1282 nationum

140 1326 341 1392 Graecarum
363 1336 431 1391 tum
452 1325 700 1390 Atheniensium
722 1327 882 1390 exercitus
904 1326 983 1390 satis
999 1334 1125 1390 constat
1140 1325 1239 1390 fuisse

141 1424 291 1516 ὁπλίτας,
325 1455 397 1497 cum
418 1437 530 1516 ψιλοῖς
558 1434 664 1517 priore
691 1433 818 1516 quidem
847 1441 954 1496 aetate
984 1433 1112 1497 omnino
1141 1433 1237 1498 nullis

141 1551 319 1622 uterentur,
342 1550 456 1624 postea
477 1539 587 1604 indea
609 1541 805 1625 temporibus
828 1540 895 1604 fere
917 1539 1072 1605 bellorum
1094 1541 1238 1605 Persico-

140 1671 213 1713 rum
234 1671 346 1714 manus
368 1650 609 1732 sagittariorum
637 1650 690 1714 vel
721 1649 931 1713 iaculatorum
961 1647 1090 1733 hoplitis
1112 1648 1239 1713 adicere

140 1757 320 1842 inciperent
341 1756 513 1821 admodum
536 1759 699 1840 exiguas:
728 1779 810 1841 quae
841 1767 948 1820 tamen
978 1756 1077 1820 multo
1107 1756 1238 1820 minoris

141 1864 204 1928 illis
226 1885 296 1928 esse
317 1866 500 1929 aestimatas
522 1865 575 1929 vel
597 1865 672 1928 inde
694 1864 788 1928 facile
816 1873 967 1949 apparet,
999 1863 1084 1949 quod
1114 1873 1170 1928 aut
1199 1886 1240 1928 ex

141 1973 353 2057 pauperrimis
386 1973 508 2036 civibus
541 1983 596 2036 aut
628 1995 669 2036 ex
703 1973 880 2058 peregrinis
912 1973 1116 2036 mercenariis
1149 1981 1240 2035 erant

142 2081 351 2164 compositae,
373 2081 428 2164 qui
455 2090 586 2165 propter
608 2081 711 2164 ipsam
733 2080 913 2145 barbariem
934 2103 954 2144 a
976 2079 1110 2144 Graecis
1133 2078 1236 2164 despi-

142 2185 318 2252 ciebantur.
370 2189 480 2272 Atque
515 2186 555 2251 de
591 2209 628 2252 eo
656 2189 703 2252 rei
729 2188 876 2252 militaris
905 2197 990 2251 statu
1019 2208 1082 2273 quo
1111 2185 1240 2271 hoplitis

142 2295 291 2377 ingenuis
326 2296 475 2380 oppositi·
495 2295 560 2359 sint
593 2295 735 2380 expediti
767 2295 936 2360 auxiliares
975 2301 1073 2380 poeta
1112 2292 1240 2359 videtur

143 2403 315 2486 cogitasse,
337 2423 410 2466 cum
432 2403 587 2467 scriberet
610 2402 670 2468 00
695 2403 773 2466 1524
795 2424 842 2487 sq.

294 2500 339 2586 ὥς
360 2528 413 2575 σοι
433 2502 500 2594 πρὸ
523 2513 663 2574 πολλῶν
683 2498 836 2574 ἀσπίδων
857 2499 962 2593 citabo
983 2500 1040 2574 ὅδε

294 2611 393 2703 δορός
412 2618 442 2682 τ’
464 2616 613 2682 ἐπακτοῦ
635 2611 798 2700 γειτόνων
818 2607 871 2682 ἀεὶ
892 2621 982 2700 τιθῇ,

143 2722 201 2788 ubi
222 2723 307 2788 haud
329 2724 424 2789 dubie
445 2747 525 2790 voce
545 2713 682 2800 ἀσπίδες
705 2723 846 2808 hoplitae
864 2724 1085 2807 significantur
1106 2743 1241 2807 quorum
1328 2776 1332 2784 .

144 2841 237 2896 scuta
258 2841 385 2896 constat
404 2854 494 2897 arma
515 2833 615 2897 fuisse
635 2832 766 2917 propria
789 2855 796 2894 :
819 2840 931 2895 contra
952 2829 1070 2895 locutio
1091 2823 1241 2895 ἐπακτὸν

145 2932 229 3024 δόρυ
250 2939 291 3004 ad
312 2939 425 3004 leviter
452 2949 592 3004 armatos
621 2939 748 3004 videtur
777 2961 847 3004 esse
874 2937 1043 3003 referenda
1066 2961 1072 3002 :
1095 2931 1241 3014 ἐπακτὸς

145 3055 253 3111 autem
275 3045 359 3111 idem
381 3057 430 3112 est
453 3070 491 3112 ac
511 3047 606 3128 ξένος
627 3047 682 3131 (cf.
706 3047 758 3112 Ai.
783 3047 871 3112 1296.
915 3045 1031 3110 Traoh.
1052 3045 1123 3112 259.
1140 3051 1142 3059 ’
1162 3046 1240 3109 Eur.

145 3152 215 3217 Ion.
237 3153 308 3218 290.
330 3155 401 3220 592.
445 3155 565 3219 Phoen.
587 3154 649 3218 342
678 3153 742 3237 al).
794 3154 966 3219 Praeterea
992 3153 1110 3217 locutio
1139 3145 1243 3236 ψιλὸν

146 3250 235 3344 ὄμμα
257 3262 304 3344 (in
327 3261 386 3327 00
408 3263 484 3345 866)
512 3261 573 3326 hoo
604 3263 673 3326 looo
706 3261 913 3326 memoranda
944 3271 1008 3344 est,
1041 3281 1137 3344 quam
1170 3281 1241 3324 oum

146 3367 308 3447 Ellendtio
332 3369 425 3450 (Lex.
446 3368 543 3452 Soph.
566 3368 610 3451 Il,
632 3369 708 3452 978)
739 3370 972 3454 simplicissime
1003 3377 1080 3452 puto
1113 3369 1157 3430 lta
1187 3389 1241 3431 ex-

147 3461 268 3560 plicari,
290 3485 327 3540 ut
344 3475 541 3559 significetur
562 3477 671 3540 oculus
693 3475 853 3559 infirmus,
882 3497 948 3539 non
977 3475 1110 3538 idoneus
1133 3473 1241 3538 defen-

147 3583 246 3666 sioni,
275 3581 523 3648 asimilitudine
544 3587 668 3666 ψιλοῦ,
701 3584 720 3647 ἰ.
745 3606 772 3648 e.
802 3584 883 3648 levis
910 3592 1091 3647 armaturae
1122 3582 1241 3645 militis.

148 3687 243 3768 Quod
264 3688 305 3753 ab
327 3689 499 3755 Homerico
528 3689 681 3775 loquendi
713 3711 772 3754 usu
793 3690 1017 3772 cognoscimus
1038 3687 1212 3752 abhorrere
1234 3710 1241 3750 :

148 3797 181 3860 in
208 3795 342 3862 Homeri
370 3799 454 3862 enim
484 3796 676 3862 carminibus
713 3819 785 3861 cum
820 3796 976 3860 nihildum
1003 3796 1130 3860 intersit
1159 3796 1243 3858 inter

148 3893 288 3980 ὁπλίτας
309 3915 341 3969 et
362 3899 499 3989 ψιλοὺς,
528 3927 593 3970 vox
614 3897 713 3989 ψιλὸς
734 3905 813 3969 nihil
834 3905 920 3970 valet
941 3905 1003 3968 nisi
1026 3901 1167 3989 „nudus“
1191 3903 1243 3966 vel

151 4011 299 4096 ,glaber“
334 4036 341 4076 :
376 4034 472 4097 quam
508 4013 670 4077 notionem
701 4011 743 4076 ad
773 4011 878 4076 locum
910 4011 999 4076 illum
1030 4009 1243 4096 Sophocleum

148 4118 352 4184 manifestum
375 4129 423 4183 est
444 4141 508 4183 non
530 4120 697 4204 quadrare.

231 4227 340 4310 Atque
362 4248 402 4290 ex
424 4225 568 4290 barbaris
596 4227 658 4292 illis
686 4226 838 4310 gentibus
868 4247 1002 4310 quarum
1028 4225 1243 4289 Athenienses

117 4354 121 4362 ·
149 4331 321 4398 utebantur
341 4333 549 4398 auxiliaribus
571 4335 754 4420 saepissime
776 4343 993 4397 memorantur
1015 4332 1136 4397 Cretes
1179 4331 1243 4412 Qui
