3126 5176
679 423 699 491 9

140 628 324 698 muneribus
346 627 513 712 frueretur,
536 650 607 693 cum
630 649 739 692 omnes
760 635 845 692 artes
860 635 929 692 tum
943 626 1098 710 tragicam
1112 643 1231 690 novum

142 739 312 825 sumpsisse
345 739 498 823 impetum
529 759 593 802 non
627 739 672 802 ita
703 738 818 801 mirum
851 744 908 800 est.
965 736 1079 822 Itaque
1108 744 1230 800 mutato

141 857 321 934 temporum
343 847 471 929 ingenio
493 846 632 932 perbene
661 845 851 932 respondet,
884 844 969 931 quod
997 844 1037 909 ab
1059 845 1232 928 asperitate

143 955 197 1020 illa
225 977 263 1018 ac
293 955 465 1019 severitate
495 976 592 1041 quam
621 954 757 1019 vidimus
797 955 876 1019 artis
905 953 1105 1037 Aeschyleae
1136 952 1232 1017 fuisse

143 1065 305 1151 propriam
336 1063 376 1129 ad
410 1063 638 1128 iucunditatem
675 1062 835 1149 quandam
871 1072 903 1127 et
931 1069 1132 1126 venustatem
1160 1081 1231 1145 pro·

142 1193 267 1237 cessum
296 1182 360 1253 ost,
392 1173 479 1236 cuius
508 1170 706 1257 Sophocleae
734 1170 862 1235 fabulae
893 1171 971 1234 satis
1001 1168 1117 1234 idonea
1141 1189 1231 1254 prae-

142 1280 219 1346 bent
258 1281 413 1366 exempla.
479 1279 614 1344 Accedit
646 1278 741 1364 'quod
778 1277 953 1364 Sophocles
996 1278 1056 1342 etsi
1097 1277 1231 1364 publicis

142 1387 326 1454 muneribus
347 1387 476 1452 functus
498 1397 562 1472 est,
594 1409 701 1453 rerum
733 1387 871 1452 civilium
904 1407 968 1450 non
1001 1395 1069 1450 erat
1101 1386 1233 1471 peritior

146 1519 241 1583 quarn
263 1496 514 1581 simplicissimus
545 1497 679 1582 quisque
706 1516 920 1582 paganorum,
950 1483 1039 1558 ouius
1068 1495 1113 1559 rei
1142 1494 1232 1558 testis

144 1616 191 1670 est
212 1605 271 1669 Ion
288 1603 386 1670 Chius
408 1605 475 1668 eius
497 1605 639 1690 aequalis
649 1603 675 1688 ⁶)
698 1627 758 1668 nec
771 1605 875 1668 minus
890 1605 959 1689 ipse
973 1602 1122 1680 Pericles,
1145 1603 1232 1666 cuius

144 1713 183 1779 de
211 1735 247 1777 se
274 1712 424 1778 iudicium
455 1712 630 1797 Sophocles
659 1713 727 1796 ipse
757 1720 914 1776 memorat
944 1709 1051 1776 verbis
1083 1709 1125 1774 ab
1153 1709 1232 1775 lone

143 1821 298 1908 appositis
319 1822 483 1905 Περικλῆς
511 1833 623 1886 ποιεῖν
650 1843 690 1904 με
720 1817 796 1906 ἔφη,
828 1832 1021 1905 στρατηγεῖν
1043 1818 1070 1883 δ’
1079 1806 1142 1883 οὐκ
1163 1815 1238 1882 tat:

142 1933 295 1996 στασθαι.
338 1926 454 2013 Itaque
485 1949 558 1992 oum
591 1949 629 1992 ea
659 1929 730 2014 ipsa
760 1949 795 1992 re
826 1925 979 2011 Aeschyli
1010 1947 1104 2012 quem
1136 1947 1233 2011 supra

142 2036 280 2102 diximus
310 2045 412 2102 totum
442 2036 540 2101 fuisse
568 2038 601 2100 in
628 2035 724 2101 rebus
756 2035 902 2100 civilibus
931 2033 1105 2120 Sophocles
1137 2034 1232 2119 plane

143 2154 227 2210 esset
248 2143 420 2223 dissimilis,
442 2166 493 2208 res
515 2145 614 2230 ipsius
635 2153 741 2209 aetate
762 2153 871 2227 gestas
898 2143 977 2208 nihil
1005 2143 1073 2208 fere
1094 2143 1233 2219 ,valuisse

140 2253 180 2318 ad
196 2251 410 2338 Sophocleum
431 2261 533 2318 artem
549 2251 755 2317 excolendam
771 2261 1019 2316 consentaneum
1035 2261 1092 2333 est,
1115 2251 1232 2315 nedum

142 2369 230 2425 carta
252 2358 409 2445 quaedam
431 2361 572 2443 consilia,
595 2381 677 2445 quae
698 2361 881 2444 pertineant
902 2359 943 2423 ad
965 2381 1019 2424 eos
1042 2360 1178 2444 quitum
1200 2359 1233 2422 in

141 2466 390 2533 Atheniensium
411 2489 446 2532 re
467 2466 594 2553 publica
616 2466 737 2553 aliquid
759 2466 918 2551 agebant,
948 2469 977 2531 ei
1006 2469 1128 2552 possint
1157 2468 1232 2531 insi·

142 2576 278 2640 mulari:
302 2598 322 2640 a
343 2575 518 2640 factionum
541 2576 624 2640 enim
647 2575 814 2640 discordiis
836 2575 1009 2661 Sophocles
1031 2577 1141 2661 procul
1163 2584 1231 2640 erat

140 2693 292 2749 remotus.
336 2683 431 2763 Quod
453 2685 552 2769 igitur
573 2685 613 2750 A.
629 2683 784 2768 Schollt),
806 2685 848 2749 ah
870 2685 1025 2770 Euripide
1045 2685 1114 2748 sine
1135 2684 1231 2749 dubio

141 2792 314 2878 profectus,
338 2814 474 2879 eumque
495 2794 597 2857 secuti
618 2792 672 2856 alii
693 2793 754 2857 viri
775 2792 862 2858 docti
883 2814 920 2857 eo
942 2801 1175 2878 processerunt,
1196 2802 1232 2857 ut

142 2922 206 2966 non
226 2898 320 2965 modo
343 2901 375 2964 in
398 2900 544 2965 omnibus
573 2900 689 2965 fabulis
719 2900 906 2986 Sophocleis
937 2901 1121 2986 pusillarum
1151 2923 1232 2987 quae

142 3008 183 3074 ad
204 3030 255 3072 res
277 3017 345 3072 tum
366 3008 503 3073 Athenis
526 3017 633 3092 gestas
664 3008 832 3074 tenderent
852 3009 1122 3092 significationum
1143 3029 1230 3094 mag·

141 3137 217 3180 num
246 3137 413 3180 numerum
442 3117 693 3200 investigarent,
723 3115 780 3182 sed
808 3106 973 3181 uniuersas
1003 3138 1231 3203 nonnunquam

142 3223 333 3309 tragoedias,
356 3225 389 3288 in
410 3224 459 3289 his
480 3227 620 3290 maxime
634 3225 856 3304 Philoctetam,
878 3226 1009 3290 mutatis
1024 3246 1232 3311 personarum

141 3331 323 3398 nominibus
346 3341 537 3396 conarentur
559 3342 746 3398 convertere
767 3334 800 3398 In
815 3325 981 3397 historiam
996 3333 1131 3416 civilem,
1153 3332 1232 3397 haec

141 3442 223 3504 ratio
245 3440 286 3504 ab
309 3439 456 3504 omnibus
479 3449 565 3505 certe
586 3431 660 3526 qui,
673 3450 709 3505 ut
730 3463 790 3526 par
811 3449 869 3524 est,
891 3439 1066 3526 prudenter
1087 3450 1120 3505 et
1140 3450 1233 3505 caute

141 3557 243 3632 agunt
264 3549 297 3612 in
319 3547 444 3612 iudiciis
467 3549 607 3613 ferendis
628 3551 712 3614 iusto
733 3550 802 3614 iure
823 3549 1060 3614 condemnatur.

223 3656 332 3723 Nihilo
363 3666 472 3722 tamen
502 3659 608 3721 minus
638 3657 708 3722 fieri
736 3659 895 3744 potuisse,
926 3667 962 3722 ut
994 3658 1232 3742 opportunitate

142 3763 250 3830 oblata
282 3765 349 3830 fere
380 3766 448 3830 sinc
480 3765 612 3829 consilio
646 3767 737 3851 quasi
770 3765 987 3830 inlaberentur
1016 3787 1097 3852 quae
1118 3763 1159 3828 ad
1180 3785 1231 3829 res

143 3882 210 3937 tum
233 3883 418 3957 praesentes
440 3882 633 3958 spectarent,
656 3873 830 3938 concedere
850 3893 915 3938 non
944 3872 1054 3937 dubito
1077 3896 1084 3937 :
1107 3875 1232 3959 saepius

210 4084 232 4151 5)
252 4101 293 4150 ap.
311 4085 375 4137 Ath.
393 4087 468 4150 XIII,
488 4088 538 4138 604
555 4087 587 4137 D.
634 4087 672 4138 cf.
700 4087 780 4138 etiam
809 4103 875 4152 quas
902 4087 1063 4138 Plutarchus
1088 4087 1180 4139 Porti
1207 4093 1234 4138 ct

142 4171 234 4222 Cicero
253 4172 285 4222 dc
303 4173 427 4234 off.1,4o
447 4172 575 4224 exhibent
591 4173 825 4225 narratiunculas:
843 4189 912 4238 quae
930 4189 964 4224 ex
981 4173 1044 4223 Iona
1062 4172 1134 4224 haud
1152 4173 1232 4224 dubio

141 4257 284 4308 fluxerunt.

210 4339 232 4408 ⁶)
251 4344 282 4393 Δ.
302 4342 401 4408 echon,
420 4343 563 4411 Sophocles
582 4345 673 4396 Lebsn
691 4345 745 4396 und
763 4345 881 4397 Wirken.
917 4346 1024 4397 Franks.
1043 4361 1065 4396 a.
1085 4346 1119 4396 M.
1142 4347 1214 4396 1842.
